3263 5161
856 327 899 383 2
923 326 950 380 1
965 325 1018 380 ο
1605 309 2167 381 mmmmm

556 490 679 547 ΑΒ.
709 488 980 561 :Marsos
1043 468 1359 557 ἀφίκοντο.
1456 467 1740 550 βασιλίδι
1800 486 1870 529 τε
1922 454 2389 544 σιηγενόμενοι,
2449 449 2560 517 καὶ
2613 445 3013 534 πατριάρχου
3036 531 3051 546 α

849 580 960 642 καί
981 577 1108 638 τῶν
1130 573 1280 656 περὶ
1300 560 1494 633 αὗτόν
1520 565 1894 647 συνωμοτῶν
1918 556 2261 643 παρόντων,
2299 550 2558 639 „ripale”
2582 548 2833 637 ἔφασαν
2855 544 3017 631 »τήν

851 670 1295 753 κατασχοῦσαν
1323 666 1678 747 Ῥωμαίους
1718 660 1981 746 δρῶντες
2017 650 2390 743 συμφοράν,
2434 647 2610 716 δεινὰ
2652 650 2770 729 μὲν
2810 644 3017 734 ᾠόμε-

757 779 766 784 ’
851 778 946 838 θα
997 767 1079 834 τὰ
1119 762 1507 850 πραττόμενα
1558 762 1672 826 καί
1734 763 1896 845 πέρα
1927 758 2164 821 δεινῶν.
2246 752 2433 817 ου’δὲν
2486 750 2558 815 δὲ
2603 749 2792 812 πλέον
2857 741 3019 828 πρὸς

856 867 1220 952 ἐπικουρίαν
1277 855 1383 927 κάἰ
1431 855 1796 943 α’ποτροπήν
1849 859 1975 921 τῶν
2018 855 2238 918 δεινῶν
2282 847 2621 930 δυνάμενοι
2661 837 3061 926 συμβάλλε-5

858 974 1038 1050 σθαι,
1076 967 1201 1030 τῶν
1240 954 1444 1027 ἄλλων
1484 954 1904 1043 ἀμελήσαντες
1922 1004 1942 1036 ,
1981 954 2140 1035 ὖπὲρ
2188 953 2316 1014 τῶν
2353 948 2526 1035 κοινῇ
2566 939 3025 1030 συμφερόντων

797 1080 835 1131 Β
858 1061 1167 1147 ἐδεόμεθα
1211 1064 1401 1138 θεοῦ,
1447 1059 1558 1122 τοῦ
1593 1053 1791 1137 μόνον
1832 1055 2064 1136 στῆσαι
2116 1048 2471 1129 δυναμένου
2511 1042 2623 1120 τὰς
2660 1041 3024 1127 προσδοκω-

857 1167 1051 1248 μένας
1103 1157 1461 1245 συμφοράς.
1544 1155 1686 1220 νυνί
1725 1156 1798 1218 δὲ
1842 1150 1912 1217 τό
1958 1143 2277 1230 διεστηκός
2318 1148 2443 1209 τῶν
2476 1142 2806 1222 Ῥωμαίων
2848 1135 3023 1203 ἰδόν-

860 1286 962 1338 τες
995 1264 1186 1345 μέρος
1228 1253 1514 1339 α’σμὲνως
1551 1255 1807 1337 χωροῦν
1845 1247 2001 1336 πρός
2040 1245 2155 1332 τήν
2197 1242 2447 1330 εἰρήνην
2485 1241 2598 1307 καί
2628 1236 2903 1324 μάλιστα
2952 1233 3024 1303 δ’·

861 1385 981 1445 περ
1022 1355 1279 1442 δόκησιν
1319 1362 1586 1439 παρεῖχε
1627 1349 1743 1438 τήν
1782 1349 1994 1415 αἰτίαν
2035 1347 2483 1429 παρασχέσθαι
2522 1342 2635 1426 τῆς
2673 1340 2992 1424 διαφορᾶς
3005 1364 3113 1418 ,ιο

865 1463 977 1526 καί
998 1462 1137 1546 θεῷ’
1173 1459 1261 1544 τῷ
1291 1458 1406 1538 τῆς
1446 1449 1696 1537 εἰρήνης
1716 1450 1966 1536 χορηγῷ
1993 1442 2225 1519 πολλάς
2244 1441 2515 1529 χάριτας
2538 1439 3029 1524 ὁμολογήσαντες

866 1559 978 1624 καί
1000 1558 1199 1641 γῆρας
1224 1557 1334 1618 καί
1354 1547 1717 1634 σωματικήν
1742 1550 2075 1613 ἀσθένειαν
2098 1541 2210 1610 καί
2230 1542 2378 1618 τούς
2396 1539 2547 1631 πρὸς
2565 1540 2681 1625 τήν
2709 1535 3030 1622 ὁδοιπορί-

869 1680 950 1721 αν
987 1653 1222 1730 πόνους
1251 1652 1640 1736 παριδόντες,
1682 1640 1911 1732 ἦκομεν
1951 1643 2314 1731 δεησόμενοι
2356 1645 2466 1708 καί
2501 1640 3029 1723 ὑμῶν,“δέχεσθαι

865 1752 979 1839 τήν
1018 1749 1268 1837 εἰρήνην
1328 1751 1439 1813 καί
1486 1746 1577 1832 μή
1620 1743 1729 1811 διά
1776 1743 2161 1831 φιλονεικίαν
2199 1742 2316 1826 τήν
2343 1739 2673 1822 Ῥωμαίων
2700 1738 3033 1824 ἡγεμονίαν

867 1855 981 1919 νῦν
1020 1874 1088 1915 τε
1130 1848 1670 1935 διαφθειρομένην
1708 1845 2008 1930 περιορᾷν
2032 1845 2143 1906 καί
2179 1837 2273 1905 ἔτι
2316 1835 2637 1923 δεινότερα
2678 1835 3117 1922 προσδοκω-ιΞ

870 1953 1068 2033 μένην
1117 1942 1425 2028 πάσχειν,
1488 1937 1570 2008 ἂν
1620 1940 1712 2028 μή
1753 1945 1999 2024 ταχέως
2046 1938 2081 2004 ὅ
2124 1935 2392 2022 πόλεμος
2431 1940 2776 2025 καταλυθῇ.
2859 1931 3034 2000 ἔλεον

875 2042 992 2112 οὖν
1044 2043 1158 2109 καί
1210 2043 1398 2107 auitos*
1452 2037 1748 2122 λαβόντες
1801 2042 1928 2104 τῶν
1992 2038 2301 2123 όσημέραι
2356 2039 2673 2120 χεομένων
2739 2033 3033 2116 αἱμάτων

876 2144 987 2209 καὶ
1022 2147 1146 2208 τῶν
1187 2141 1635 2223 δεσμωτηρίοις
1675 2141 2102 2220 κατεχομένων
2140 2138 2253 2200 καί
2285 2141 2410 2201 τῶν
2446 2136 2880 2214 ἐλαυνομένων
2927 2133 3039 2196 καὶ

814 2241 1200 2326 (Ξάνήκεστα-
1237 2235 1608 2319 πασχόντων
1665 2235 2055 2320 α’νθρῶπων,
2104 2238 2428 2322 κυρώσατε
2480 2231 2597 2318 τήν
2636 2230 2890 2317 εἰρήνην
2929 2229 3042 2296 καί

876 2343 1004 2406 τῶν
1041 2340 1287 2403 πολλῶν
1348 2337 1460 2399 καί
1514 2337 1811 2418 χαλεπῶν
1864 2331 2164 2399 κινδύνων
2225 2329 2619 2412 ἀπαλλάξαιτε
2651 2333 3120 2413 Ῥωμαίους,αο

882 2436 972 2515 ῶς
1032 2431 1110 2503 ἂν
1160 2432 1311 2514 θεός
1365 2459 1434 2500 τε
1489 2431 1522 2500 ὅ
1578 2438 1690 2517 τῆς
1730 2432 1972 2519 εἰρήνης
2010 2432 2282 2518 χορηγός
2319 2435 2603 2520 δοξασθῇ
2642 2435 2755 2496 καί
2787 2433 3041 2512 βασιλίς

877 2562 946 2605 τε
1000 2538 1112 2602 καί
1158 2531 1551 2620 πατριάρχης
1608 2531 1720 2598 καί
1765 2531 1949 2614 ὖμεῖς
1986 2528 2027 2618 ἦ
2067 2532 2402 2617 σύγκλητος
2455 2527 2534 2596 οὕ
2576 2530 2749 2615 παρὰ
2793 2528 3043 2594 πάντων

879 2634 1073 2721 μόνον
1103 2634 1433 2716 Ῥωμαίων
1452 2682 1471 2709 ,
1543 2631 1704 2696 α’λλά
1750 2633 1862 2696 καί
1896 2631 2076 2716 ἡμῶν
2127 2634 2255 2697 τῶν
2290 2633 2597 2695 ταπεινῶν
2639 2628 2819 2709 α’ξίας
2861 2630 3041 2711 κομί-

885 2737 1078 2820 ζησθε
1135 2732 1541 2818 εὐχαριστίας
1578 2732 1693 2815 τῆς
1733 2730 2098 2817 προθυμίας
2133 2732 2244 2814 τῆς
2280 2732 2428 2814 περὶ
2460 2726 2540 2793 τά
2587 2725 2745 2794 καλά
2782 2726 2897 2794 καί
2930 2729 3044 2813 τῆς

887 2974 1118 3032 triarcha
1140 3013 1157 3039 ,
1215 2973 1514 3028 coniuratis
1567 2974 1698 3027 item
1755 2972 2133 3043 praesentibus
2178 2973 2484 3040 congressi,
2540 2972 2621 3027 ita
2674 2973 2846 3027 locuti
2893 2979 3046 3024 sunt.

885 3049 1026 3101 Cum
1067 3060 1404 3098 cerneremus
1441 3045 1839 3108 calamitatem,
1889 3059 2029 3115 quae
2079 3044 2339 3096 Romanos
2388 3046 2697 3113 oppressit,
2752 3044 2854 3095 etsi
2894 3040 3049 3112 qnod

893 3118 1150 3185 agebatur
1190 3114 1471 3166 infandum
1512 3111 1840 3181 apparebat,
1898 3121 2081 3167 tamen
2118 3112 2247 3183 quia
2284 3113 2364 3169 ‚ad
2400 3124 2599 3168 tantam
2635 3118 2743 3168 vim
2781 3114 2906 3165 mali
2946 3110 3047 3164 de-

887 3184 1199 3257 pellendam
1236 3183 1381 3235 nihil
1415 3183 1609 3235 auxilii
1644 3186 1834 3236 afferre
1866 3191 2207 3252 poteramus,
2250 3184 2477 3255 reliquis
2513 3186 2875 3255 posthabitis,
2908 3185 3051 3244 Deo,

892 3258 989 3327 qui
1021 3256 1171 3308 aolus
1209 3253 1583 3320 impendentes
1616 3268 1902 3307 aerumnas
1937 3261 2103 3323 atque
2140 3254 2382 3306 miserias
2430 3271 2780 3309 averruncare
2831 3260 3054 3323 potest,

892 3340 1228 3378 communem
1293 3325 1521 3374 salutem
1574 3323 2118 3393 incolumitatemque
2186 3324 2456 3392 supplices
2525 3324 3059 3379 commendabamus-

892 3396 1049 3450 Nunc
1084 3393 1212 3465 quia
1253 3394 1633 3463 cognovimus,
1685 3401 2008 3464 segregatam
2057 3396 2415 3446 Romanorum
2447 3404 2652 3464 partem
2676 3434 2692 3459 ,
2746 3411 2887 3468 qnae
2924 3393 3055 3463 opi-

890 3469 1114 3518 nionem
1162 3461 1460 3531 praebebat
1509 3461 1740 3514 maxime
1782 3462 1987 3532 incepti
2030 3461 2194 3514 huius
2232 3462 2482 3529 dissidii,
2528 3467 2675 3536 pacis
2724 3482 2843 3518 esse
2892 3464 3060 3533 cupl-

895 3533 1054 3598 dam,
1091 3534 1222 3584 Deo⁴
1242 3533 1387 3599 pacis
1427 3532 1668 3600 largitori
1706 3532 2035 3585 immortales
2071 3535 2269 3602 gratias
2305 3536 2544 3603 egimus,
2595 3528 2860 3608 nullaque
2896 3549 3063 3586 sene-

896 3608 1063 3657 ctutis
1098 3609 1156 3655 et
1188 3599 1582 3652 imbecillitatis
1617 3617 1682 3652 ac
1726 3602 1991 3654 laborum·
2013 3603 2228 3656 itineris
2262 3606 2472 3656 ratione
2508 3604 2701 3670 ducta,
2740 3614 2797 3659 et
2832 3620 2927 3658 vos
2964 3620 3063 3655 ro·-

900 3674 1073 3746 gaturi
1113 3671 1462 3733 advenimus,
1498 3678 1559 3720 ut
1588 3685 1772 3739 pacem
1799 3671 2268 3739 complectamini:
2301 3689 2372 3725 ne
2413 3675 2486 3727 ob
2521 3674 2818 3729 discordias
2852 3683 3061 3727 vestras

902 3754 962 3798 et
995 3759 1142 3796 nunc
1177 3742 1447 3794 laceretur
1471 3741 1768 3792 Romanum
1804 3742 2089 3809 imperium
2117 3747 2176 3793 et
2210 3743 2313 3795 nisi
2342 3745 2519 3813 primo
2556 3762 2777 3818 quoque
2807 3754 3061 3815 tempore

903 3814 1113 3866 bellum
1150 3809 1494 3874 inhibeatur,
1542 3811 1811 3862 atrociora
1856 3808 2125 3863 formidet.
2197 3813 2561 3882 Quamobrem
2614 3824 2670 3868 et
2711 3832 2826 3879 vos,
2854 3815 2952 3886 qui
2996 3813 3064 3863 in

903 3883 1026 3934 dies
1061 3883 1312 3936 funditur
1335 3881 1649 3949 sanguinem
1695 3888 1754 3933 et
1789 3882 1849 3930 in
1883 3896 2149 3933 carcerem
2192 3892 2497 3953 compactos
2528 3893 2695 3958 atquc
2730 3886 2789 3938 in
2829 3885 3064 3938 exilium

947 3953 1175 4004 reiectos
1243 3960 1302 4005 et
1337 3952 1646 4004 saevissime
1681 3951 1959 4002 afflictatus
1996 3954 2273 4014 miserati,
2324 3970 2514 4023 pacem
2550 3965 2716 4009 ratam
2766 3955 3020 4007 conficite
3041 3989 3063 4015 ,

952 4037 1285 4093 omanosque
1332 4021 1519 4073 multis
1558 4036 1620 4072 ac
1655 4019 1906 4073 nefandis
1949 4020 2192 4073 cladibus
2229 4023 2478 4085 eximite,
2528 4033 2593 4077 ut
2631 4032 2688 4078 et
2724 4028 2876 4080 Deus
2910 4025 3069 4093 pacis

908 4088 1141 4143 donator
1174 4091 1507 4153 celebretur,
1553 4098 1612 4143 et
1647 4089 1959 4160 imperatrix
1994 4106 2057 4143 ac
2091 4093 2395 4161 patriarcha
2431 4102 2489 4147 et
2520 4112 2617 4147 vos
2653 4104 2872 4149 senatus
2894 4131 2913 4157 ,
2952 4110 3075 4146 non

907 4174 958 4245 a·
979 4161 1227 4243 llomanis
1257 4161 1423 4217 modo
1462 4162 1695 4230 passim,
1743 4161 1840 4213 sed
1874 4162 2037 4213 ctiam
2076 4178 2106 4213 a
2140 4161 2297 4217 nobis
2329 4162 2666 4229 humilibus,
2721 4173 2951 4238 propter
2983 4164 3077 4215 fa-

908 4228 1176 4284 cshtstem
1226 4222 1285 4285 ffi
1331 4231 1493 4285 rebus
1539 4231 1786 4288 honestis
1839 4240 1897 4285 et
1957 4231 2378 4290 sollicitudinem
2430 4234 2709 4291 hominum
2762 4234 3080 4293 insontium
