3263 5161
1173 339 1792 406 PRAEMONITUM.
2445 344 2561 453 VJ!

394 516 557 621 ipsa
626 511 1238 590 desideratissimi
1314 514 1462 593 viri
1530 514 2056 592 recordatione
2131 511 2560 590 remedium

397 629 714 735 aliquod
746 648 827 706 et
853 632 1201 708 levamen
1241 631 1613 737 positum,
1664 630 1966 735 longius
2014 629 2271 734 abripi
2323 648 2559 734 atque

398 753 504 828 ab
541 779 667 838 eo,
710 750 927 857 quod
975 751 1164 828 huic
1210 753 1588 829 volumini
1638 752 1967 860 praefari
2020 753 2360 844 institui,
2432 753 2564 827 ab-

396 901 675 953 errare.
786 876 1087 976 Quare,
1152 894 1245 954 ut
1304 876 1405 952 ad
1460 878 1940 982 propositum
2018 903 2139 953 me
2199 876 2566 969 referam,

106 1058 107 1103 ¹
403 995 909 1074 indicandum
964 1017 1108 1090 est,
1172 996 1510 1075 eiusdem
1559 1001 1628 1075 N
1631 997 1968 1075 iehuhrii
2048 999 2419 1077 beneficio
2485 1018 2567 1077 et

106 1136 109 1249 Q
398 1120 883 1212 incredibili,
913 1147 1076 1224 quo
1125 1122 1356 1199 totius
1385 1121 1783 1228 Byzantini
1825 1122 2076 1229 operis
2107 1139 2187 1197 et
2233 1121 2565 1199 utilitati

106 1268 107 1285 ¹
398 1265 479 1324 et
502 1245 761 1325 decori
795 1245 1218 1352 prospexit,
1243 1243 1496 1323 studio
1528 1246 1896 1323 effectum
1925 1244 2005 1322 id
2046 1272 2358 1350 quoque
2377 1272 2568 1339 ene,

398 1387 533 1460 ut,
574 1396 755 1445 cum
809 1389 1033 1446 antea
1093 1362 1595 1449 Canta'cuzeni
1657 1390 1905 1448 textus
1949 1373 2184 1449 unius
2261 1388 2570 1448 tantum

400 1494 725 1571 Parisini
758 1494 1038 1571 codicis
1073 1496 1525 1575 auctoritate
1572 1495 1984 1589 niteretur,
2038 1524 2326 1575 novum
2365 1495 2518 1571 iam
2541 1551 2568 1583 ‚

402 1616 642 1722 idque
688 1615 906 1694 valde
956 1645 1002 1693 a
1051 1621 1306 1712 nohis,
1356 1648 1536 1697 cum
1584 1620 1930 1727 primum
1992 1623 2352 1698 volumen
2399 1617 2573 1693 ede-

398 1741 705 1833 bamus,
756 1744 1217 1849 expetitum,
1287 1744 1401 1820 rei
1466 1743 1775 1821 criticae
1849 1743 2320 1851 praesidium
2392 1768 2571 1846 sup,-

397 1884 717 1970 peteret‚
753 1864 972 1958 cuius
992 1890 1136 1970 ope
1164 1863 1596 1942 emendatio
1624 1865 1862 1941 huius
1888 1865 2277 1970 scriptoris
2306 1867 2570 1973 paullo

401 1990 683 2065 certius
745 1989 1047 2065 institui
1118 2008 1383 2095 posset.
1504 1991 2018 2093 Cognoveram
2085 1989 2461 2066 nimirum
2527 2013 2571 2063 e

106 2070 109 2189 l
402 2138 719 2188 censura
760 2112 948 2189 tomi
980 2112 1247 2219 primi,
1298 2142 1340 2188 a
1392 2115 1791 2221 Spengelio
1843 2117 1935 2188 V.
1980 2115 2071 2189 D.
2105 2114 2191 2188 in
2224 2111 2572 2190 Seebodii

106 2232 107 2249 ¹
405 2237 599 2313 Bibl.
629 2238 820 2313 crit.
855 2262 918 2311 a.
969 2242 1173 2337 ¹8⁹9·
1206 2243 1756 2342 num..87.sqq.
1806 2237 2042 2331 facta,
2080 2236 2436 2313 asservari
2487 2236 2576 2313 in

398 2361 836 2439 Monacensi
887 2360 1353 2439 bibliotheca
1404 2361 1743 2440 codicem
1813 2364 2040 2438 illum
2097 2361 2578 2450 Bavarieum,

402 2484 612 2561 unde
661 2490 1055 2561 Pontanus
1102 2488 1719 2565 Cantacuzenum
1768 2486 2067 2591 aliquot
2115 2484 2341 2560 annis
2399 2501 2579 2559 ante

402 2614 643 2691 latine
688 2609 974 2718 edidit,
1025 2639 1263 2724 quam
1303 2640 1566 2716 graeca
1612 2638 1656 2688 e
1692 2611 2037 2688 Parisino
2090 2607 2354 2686 codice
2404 2635 2579 2713 pro-

402 2738 680 2817 dirent.
785 2744 1139 2843 Cumque
1189 2737 1534 2813 lectionis
1578 2735 2032 2840 specimina,
2089 2730 2272 2807 inde
2321 2748 2580 2805 enota-
2621 2727 2640 2748 ''

408 2883 519 2956 ta,
570 2868 749 2943 satis
779 2861 1307 2952 ostenderent,
1343 2887 1502 2936 non
1538 2859 1899 2934 inutilem
1938 2857 2103 2933 eius
2132 2850 2578 2930 conferendi

404 2989 745 3066 lahorem
777 2987 983 3073 fore,
1031 2986 1255 3062 facile
1284 2981 1762 3061 Niebuhrius
1785 3007 1829 3054 a
1863 2977 2322 3054 liberalitate
2357 2975 2580 3050 Lich-

409 3112 819 3190 tenthaleri
849 3170 869 3202 ‚
961 3109 1107 3186 viri
1178 3104 1759 3194 humanissimi,
1843 3102 1984 3206 qui
2069 3099 2580 3176 bibliothecae

403 3237 845 3313 Monacensi
892 3233 1225 3344 praeest,
1280 3227 1752 3337 impetravit,
1795 3244 1890 3303 ut
1944 3226 2144 3300 liber
2191 3222 2348 3300 huc
2403 3221 2584 3298 mit-

410 3379 721 3440 teretur.
819 3364 955 3438 Est
1000 3379 1261 3436 autem
1313 3355 1548 3434 codex
1608 3352 1891 3431 saeculi
1954 3352 2092 3427 XV
2103 3354 2158 3424 Ι.
2176 3408 2196 3441 ,
2262 3346 2578 3422 ¹charta-

404 3508 619 3574 ceus,
650 3481 900 3559 forma
936 3481 1302 3571 maxima,
1334 3478 1539 3555 foliis
1576 3480 1743 3553 606.
1785 3493 2167 3562 constans,
2197 3470 2580 3575 scriptura

412 3604 891 3682 nitidissima.
989 3609 1084 3682 In
1131 3601 1475 3707 margine
1522 3598 1833 3676 exhibet
1878 3597 2300 3673 lectionum
2343 3593 2579 3669 varie-

410 3748 645 3807 tatem
699 3730 877 3806 satis
929 3731 1263 3835 amplam
1289 3787 1309 3819 ,
1360 3725 1581 3802 cuius
1628 3726 1852 3827 longe
1893 3720 2223 3798 maxima
2267 3745 2442 3826 pars
2485 3743 2579 3792 ex

404 3855 672 3933 codice
727 3854 1136 3931 vetustiore
1216 3850 1667 3957 deprompta
1732 3866 1897 3940 est3
1959 3841 2338 3949 quaedam
2416 3868 2581 3917 cor-

404 3979 727 4056 rectoris
794 3978 1102 4083 ingenio
1170 3974 1570 4052 debentur.
1671 3966 2267 4074 Diligentissime
2337 3966 2581 4090 igitur

406 4103 628 4179 hunc
679 4102 970 4182 librum
994 4161 1017 4200 ,
1066 4127 1300 4207 quem
1328 4103 1862 4177 Monacensem
1897 4091 2195 4201 vocavi,
2228 4116 2405 4163 cum
2444 4093 2581 4163 Pa-

304 4263 327 4278 ’
408 4231 648 4307 risina
711 4227 1053 4308 editione
1109 4225 1449 4321 contuli,
1515 4222 1656 4328 qui
1711 4238 2098 4325 quantum
2158 4212 2354 4289 mihi
2404 4209 2579 4317 p'ro-
