3263 5161
978 402 1007 458 1
1024 403 1133 460 00
1546 427 1555 436 ·
1755 397 2312 466 CANTACUZml

675 568 796 623 ΑΒ.
820 573 939 641 ι34ι
969 555 1040 619 δὲ
1083 557 1490 640 χορηγεῖσθαι
1527 556 1705 618 πᾶσι.
1788 553 1888 617 διὸ
1930 554 2040 618 καί
2089 549 2303 634 οἴομαι
2340 552 2672 636 προσήκειν
2708 549 2812 616 σοί
2857 551 2969 630 τὰς
3011 553 3106 637 τῆς

968 647 1325 738 εὖεργεσίας
1362 648 1636 736 χάριτας
1673 653 1924 721 εἰδέναι.
2006 652 2068 716 εἰ
2103 651 2180 736 δὴ
2218 652 2415 715 ταῦτα
2458 645 2663 726 οὕτως
2686 699 2705 731 ,
2744 644 2951 735 ὥσπερ
2994 648 3106 714 οἴο-

964 776 1124 836 μαι,
1165 749 1332 816 ἔστιν
1369 747 1575 835 ἀληθῆ
1598 801 1618 833 ,
1659 753 1807 815 ἄνθ’
1824 747 1973 815 ὅτου
1994 801 2014 831 ,
2055 747 2226 833 παρά
2268 752 2389 814 σοῦ’
2426 750 2959 832 προστεταγμένον
2997 749 3108 832 εἷμ-

966 851 1240 937 φοτέρας
1277 847 1445 931 ἔχειν
1486 849 1597 927 τὰς
1638 844 1847 933 ἆρχάς
1877 900 1894 929 ,
1936 841 2026 914 οἷν
2065 852 2175 912 καί
2210 842 2529 930 περιόντος
2565 840 2643 932 ἦρ
2646 871 2760 930 χον
2797 851 3109 929 βασιλέως,

962 948 1076 1032 τὴν
1111 946 1332 1031 ἑτέραν
1371 952 1720 1032 παρέσχετο
1752 945 1980 1026 αὐτὸς,
2014 949 2126 1030 τῆς
2163 949 2320 1026 μιᾶς
2361 944 2825 1029 ἀποστερήσας,
2895 943 3140 1028 δέομαιῧ

965 1073 1079 1113 σου
1133 1049 1244 1110 καί
1281 1047 1393 1131 τὴν
1441 1046 1657 1132 ἑτέραν
1698 1047 1872 1136 αὐτῷ
1929 1043 2269 1131 προστάξαι
2310 1047 2692 1125 ἀποδοῦναι,
2741 1035 2981 1125 μᾶλλον
3017 1048 3108 1126 δὲ,

962 1146 1072 1210 καί
1124 1150 1322 1210 αὐτοῦ
1369 1146 1698 1229 παρόντος,
1739 1146 1910 1231 παρὰ
1969 1150 2087 1210 σοῦ’
2153 1145 2665 1228 ἐγχειρισθῆναι,
2729 1143 2834 1207 ἵνα
2873 1166 2977 1209 σοι
3012 1145 3114 1208 καί

960 1249 1198 1326 μᾶλλον
1236 1244 1666 1330 προσηκούσας
1707 1244 1818 1321 τὰς
1862 1244 2272 1330 εὐχαριστίας
2311 1246 2422 1326 τῆς
2458 1242 2819 1326 εὐεργεσίας
2847 1242 3110 1311 α’ποδῶ.”

961 1340 997 1406 ὅ
1034 1346 1229 1426 μέγας
1282 1346 1400 1423 μὲν
1455 1337 1571 1408 οὖν
1610 1346 1967 1425 ὃομέστικος
2021 1345 2369 1428 ἐφθέγξατο
2412 1343 2614 1404 ου’δέν.
2697 1341 2736 1424 ἦ
2776 1341 3026 1423 βασιλίς
3060 1343 3111 1404 ‹5’

958 1443 1156 1506 αὐτοῦ
1198 1443 1426 1525 πολλὴν
1461 1447 1857 1525 καταγνοῦσα
1898 1439 2010 1525 τὴν
2049 1439 2444 1524 ἀχαριστίαν,
2485 1426 2698 1519 ,,π’άνυ
2731 1436 3176 1520 θαυμάζειν”ιο

901 1536 1127 1607 (Ξεῖπεν
1152 1540 1546 1623 ,,ἕπέρχεται’
1565 1564 1676 1622 μοι
1695 1592 1713 1621 ,
1740 1538 1853 1624 τὴν
1880 1543 2123 1619 αἰτίαν,
2159 1542 2225 1618 ἐξ
2268 1531 2342 1622 ἧς
2381 1540 2471 1613 εἰς
2503 1534 2757 1612 τούτους
2797 1535 3116 1622 προήχθης

956 1638 1108 1712 τούς
1134 1638 1379 1720 λόγους,
1409 1640 1490 1700 ου’
1511 1640 1858 1727 συνορώσῃ.
1898 1640 1959 1703 εἰ
1991 1642 2112 1720 μὲν
2149 1636 2268 1722 γὰρ
2314 1634 2592 1718 οἰόμενος
2612 1633 2735 1719 ,μὴ
2764 1635 2879 1721 τὴν
2901 1636 3114 1717 ὁμοίαν

957 1735 1237 1817 δύναμιν.
1289 1735 1399 1800 τὸν
1436 1741 1636 1820 μέγαν
1678 1739 2038 1817 δομέστικον
2064 1787 2084 1817 ,
2144 1731 2331 1820 ἥνπερ
2377 1738 2487 1798 καί
2526 1731 2864 1818 πρότερον,
2905 1738 3115 1818 κεκτῆ-

956 1839 1112 1901 σθαι
1135 1888 1154 1917 ,
1191 1828 1231 1920 ἢ
1261 1838 1374 1918 ἐμέ
1420 1862 1478 1900 τι
1523 1837 1944 1920 διαφέρεσθαι
1976 1834 2136 1920 πρὸς
2167 1832 2392 1915 αὐτὸν,
2435 1835 2563 1898 δεῖν
2587 1831 2777 1917 ἔγνως
2820 1837 3114 1909 αὐθαδῶς

957 1934 1128 2021 αὐτῷ
1176 1938 1648 2019 προσφέρεσθαι
1688 1934 1797 1996 καί
1834 1937 2164 2018 θρασέως,
2223 1931 2369 1998 ἴσθι
2421 1932 2583 1997 πάνυ
2627 1935 2743 1996 τοῦ
2779 1931 3186 2018 navabatur-15

955 2054 1061 2107 τος
1101 2027 1415 2116 ἅμαρτιόν.
1460 2035 1522 2095 εἴ
1559 2033 1820 2096 δ”οὕδὲν
1862 2029 2329 2116 ἀποβεβληκότα
2369 2031 2480 2095 καὶ
2516 2033 2625 2113 τῆς
2663 2032 2995 2112 δυνάμεως
3013 2033 3118 2094 καί

954 2132 1062 2214 τῆς
1089 2132 1342 2206 εὐνοίας
1370 2133 1483 2212 τῆς
1513 2132 1602 2203 εἷς
1627 2132 1740 2210 ἐμὲ
1783 2129 1967 2205 εἰδώς
1984 2177 2003 2213 ,
2036 2129 2246 2195 ἔπειτα
2288 2133 2378 2205 εἰς
2406 2133 2585 2194 τοῦτο
2612 2125 2940 2213 προήχθης
2968 2130 3117 2192 ἆτο-

842 2251 861 2276 ⁸
954 2231 1142 2309 πίας,
1185 2228 1300 2290 οὔκ
1342 2221 1705 2308 ἇσυνεσίας,
1751 2227 1911 2292 ἀλλὰ
1950 2229 2383 2314 παραπληξίας
2413 2233 2610 2315 φαίην
2637 2223 2720 2291 ἂν
2750 2226 2937 2310 ἔγωγε
2967 2226 3117 2304 τούς

954 2324 1179 2409 λόγους
1240 2329 1552 2391 τουτουσί.
1635 2325 1754 2409 ἐγώ
1822 2326 1892 2391 δέ
1951 2350 2024 2391 σε
2082 2325 2402 2413 περιόντος
2441 2331 2559 2410 μὲν
2597 2321 2774 2413 ᾔδειν
2811 2329 3121 2408 βασιλέως

947 2424 1062 2508 τήν
1115 2448 1182 2488 τε
1235 2428 1350 2489 τοῦ
1403 2421 1703 2505 μεσάζειν
1757 2428 2289 2510 ἑγκεχειρισμένον
2331 2426 2438 2491 καί
2475 2429 2583 2491 τοῦ
2619 2428 2953 2507 βασιλικοῦ
3009 2452 3195 2499 tea-20

880 2524 1171 2611 ,Βμιείου
1211 2521 1322 2610 τὴν
1361 2519 1601 2608 α’ρχὴν·
1647 2520 1808 2609 πλήν
1847 2528 1958 2590 καί
1993 2523 2132 2591 τότε
2158 2577 2179 2609 ‚
2219 2524 2384 2592 εἴποι
2424 2550 2521 2603 τις
2561 2517 2673 2606 ἂν,
2716 2525 2837 2609 οὔχ
2876 2520 3125 2600 ἑκόντος

955 2626 1303 2705 βασιλέως,
1366 2622 1528 2688 ἀλλὰ
1589 2620 1697 2687 διὰ
1755 2620 1825 2687 τὸ
1884 2623 2232 2705 βούλεσθαι
2293 2628 2516 2691 τοῦτον
2572 2626 3125 2710 παραχωροῦντος.

958 2720 1059 2786 διὸ
1102 2723 1213 2787 καὶ
1251 2720 1448 2788 πολλὰ
1490 2720 1786 2797 πολλάκις
1828 2717 2182 2803 ὠνειδίζετο
2223 2732 2374 2810 παρ’
2431 2727 2669 2789 ἐκείνου
2691 2772 2711 2808 ,
2785 2722 2945 2790 κατὰ
3004 2725 3128 2788 σοῦ’

956 2988 1353 3057 praefecturas,
1396 3004 1506 3039 non
1544 3004 1575 3038 a
1617 3003 1809 3058 magno
1856 2988 2188 3053 domestico,
2243 2989 2337 3043 sed
2377 2988 2471 3042 abs
2507 2995 2564 3041 te
2600 2986 2864 3040 committi
2905 3004 2972 3042 ae
3009 2987 3127 3041 dari

958 3057 1225 3110 omnibus.
1301 3058 1486 3127 Quare
1537 3059 1703 3115 etiam
1750 3059 1943 3111 decere
1997 3060 2264 3122 arbitror,
2327 3060 2428 3111 tibi
2484 3058 2552 3112 de
2600 3058 2865 3111 beneficio
2922 3060 3130 3127 gratias

957 3134 1135 3196 agere.
1212 3127 1375 3196 Quod
1412 3130 1458 3178 si
1496 3131 1573 3180 ita
1628 3136 1743 3191 est,
1794 3137 1858 3181 ut
1908 3128 2043 3182 mibi
2100 3131 2351 3193 videtur,
2406 3128 2538 3202 quid
2588 3132 2700 3191 ita,
2747 3145 2864 3181 cum
2916 3129 3020 3181 aba
3074 3136 3132 3179 te

955 3199 1163 3250 iussum
1199 3201 1271 3249 sit
1314 3198 1498 3250 ambas
1549 3197 1801 3252 obtinere
1853 3215 1941 3251 me
1989 3201 2385 3269 praefecturas,
2433 3216 2566 3269 quas
2614 3203 2736 3251 vivo
2791 3199 3132 3267 imperatore

957 3267 1328 3330 obtinuerim,
1389 3285 1548 3319 unam
1587 3269 1678 3319 hic
1714 3267 1850 3322 mihi
1888 3268 2069 3332 dedit,
2124 3271 2348 3322 alteram
2387 3268 2625 3338 eripuit?
2681 3268 2863 3334 Quare
2903 3279 2962 3321 te
3003 3286 3140 3331 oro,

958 3345 1021 3389 ut
1058 3339 1279 3397 alteram
1319 3354 1539 3407 quoque
1577 3336 1732 3394 reddi
1769 3339 1988 3391 iubeas:
2024 3340 2109 3391 vel
2144 3340 2326 3409 potius
2362 3341 2481 3409 ipso
2517 3349 2802 3408 praesente
2838 3346 2897 3390 tu
2939 3340 3006 3391 in
3048 3353 3140 3389 me

947 3408 1239 3470 ,conseras,
1277 3415 1339 3457 ut
1378 3407 1481 3457 tibi
1518 3410 1730 3477 potius,
1772 3425 1903 3478 quas
1941 3409 2151 3470 debeo,
2186 3412 2380 3479 gratias
2418 3426 2447 3459 a
2487 3426 2586 3465 am.
2632 3409 2845 3460 Silebat
2880 3409 2953 3460 ad
2997 3410 3145 3462 baec

958 3493 1179 3546 magnus
1215 3476 1570 3542 domesticus3
1619 3478 1936 3547 imperatrix
1970 3487 2151 3529 autem
2199 3428 2581 3549 Apocaucfinm
2634 3477 2993 3531 vehementer
3045 3479 3149 3531 in-

959 3555 1168 3615 gratum
1207 3546 1480 3607 indicans,
1516 3547 1710 3616 Magna
1765 3565 1851 3601 me
1896 3549 2045 3616 capit
2093 3548 2420 3610 admiratio,
2455 3550 2678 3621 inquit,
2731 3565 2843 3600 non
2906 3549 3146 3602 intelli·

959 3626 1209 3686 gentem,
1268 3614 1533 3667 undenam
1571 3618 1639 3667 ad
1673 3617 1988 3670 huiusmodi
2026 3635 2183 3671 voces
2224 3621 2520 3688 impellare.
2594 3618 2653 3670 Si
2688 3622 2835 3670 enim
2873 3635 3154 3688 magnum

959 3687 1314 3739 domesticum
1351 3702 1466 3735 non
1507 3684 1735 3749 eadem,
1772 3703 1878 3757 qua
1917 3690 2087 3755 prius,
2104 3697 2374 3758 potestate
2412 3691 2591 3743 valere
2633 3696 2691 3741 et
2737 3705 2825 3741 me
2873 3689 2948 3741 ab
3019 3691 3154 3758 ipso

960 3755 1266 3825 discrepare
1307 3755 1652 3816 existimans,
1697 3766 2005 3827 arroganter
2038 3765 2096 3810 et
2129 3760 2466 3812 confidenter
2513 3762 2573 3811 in
2625 3775 2748 3810 eum
2801 3758 3156 3813 irruendum

958 3824 1287 3888 decrevisti,
1331 3826 1466 3877 scito
1508 3834 1562 3876 te
1603 3834 1721 3877 tota
1755 3829 1843 3878 via
1881 3827 2174 3880 aberrasse.
2248 3830 2346 3880 Sin
2381 3846 2559 3900 neque
2596 3827 2664 3880 de
2706 3828 3007 3896 potentia,
3050 3845 3164 3882 ne·

961 3910 1069 3964 que
1106 3896 1173 3948 de
1219 3895 1601 3948 benevolentia
1657 3894 1806 3948 illius
1853 3912 1977 3966 erga
2023 3915 2110 3950 me
2160 3900 2459 3972 quidquam
2513 3900 2865 3950 imminutum
2916 3898 3165 3964 sciens,

958 3962 1139 4016 nihilo
1177 3968 1354 4018 minus
1390 3965 1497 4016 huc
1537 3965 1865 4019 insolentiae
1904 3969 2249 4036 processisti,
2295 3985 2407 4023 non
2444 3981 2540 4037 ego
2585 3970 2691 4019 iam
2732 3965 2879 4020 bunc
2918 3986 3166 4023 sermo·

866 4081 870 4085 ⁴
957 4049 1087 4084 nem
1119 4044 1276 4088 tuum
1315 4034 1724 4104 impudentiae,
1782 4034 1879 4087 sed
1919 4040 2190 4090 amentiae
2237 4039 2628 4107 adscripserim.
2697 4038 2820 4090 Non
2874 4056 2975 4092 me
3041 4042 3172 4093 sal-

958 4100 1143 4171 lebat,
1197 4106 1490 4173 superstite
1536 4106 1903 4173 imperatore,
1958 4107 2411 4160 administratoris
2448 4125 2642 4160 minnus
2698 4106 2988 4178 simulque
3035 4112 3170 4164 fisci

956 4172 1353 4240 praefecturam
1391 4175 1494 4228 tibi
1534 4177 1902 4242 commissam3
1932 4187 2303 4232 verumtamen
2343 4181 2508 4231 etiam
2543 4188 2656 4230 tum
2694 4177 2877 4230 dicere
2901 4179 3178 4246 licebat,

957 4256 1072 4293 non
1110 4244 1483 4311 imperatorem
1513 4245 1789 4308 voluisse,
1831 4246 1928 4299 sed
1960 4248 2179 4301 volente
2217 4247 2324 4305 hoc
2357 4248 2665 4317 permisisse
2687 4284 2704 4310 ,
2746 4248 2899 4317 quod
2947 4253 3014 4303 ei
3060 4268 3184 4321 po-

959 4317 1075 4364 stea
1118 4312 1349 4367 multum
1406 4329 1475 4372 ae
1526 4328 1690 4385 saepe
1739 4314 1799 4369 in
1857 4324 1914 4371 te
1962 4317 2302 4381 stomachans
2355 4317 2750 4387 exprobrabat,
2795 4320 2971 4387 quasi
3045 4337 3182 4375 rem
