3263 5161
744 346 773 405 1
790 348 843 401 Ο
1653 341 2074 407 PERIOGHA

727 497 950 567 quaerit
971 508 1025 549 st
1044 497 1246 553 litteris
1278 495 1375 550 sub
1415 495 1535 548 sius
1568 494 1792 551 nomine
1826 491 1906 547 ad
1932 489 2253 567 pontificem
2282 490 2580 546 Romanum
2607 488 2887 566 confictis,

720 568 1028 638 periculum
1075 567 1132 620 ei
1177 583 1429 634 magnum
1483 566 1713 635 conflat.
1803 566 2092 618 Clementis
2139 563 2283 618 sexti
2329 578 2656 633 responsum.
2838 561 2851 572 ⁹

712 637 978 706 jacturas
1016 636 1418 706 Apocauchus,
1471 637 1523 688 si
1567 634 1729 690 dolus
1769 652 1885 688 non
1922 629 2248 705 procederet
2280 632 2414 702 (87).
2489 631 2687 685 Odium
2720 633 2781 685 in
2814 631 2890 683 il-

726 710 839 762 lism
889 724 1183 762 commune.
1271 708 1433 775 Urget
1484 703 1933 780 aedificationem
1972 705 2216 758 carceris
2250 715 2305 757 et
2341 723 2379 756 a
2411 703 2622 759 vinctis
2659 701 2891 756 obtrun-

728 791 902 831 catur.
976 781 1283 830 Amicorum
1318 789 1371 829 et
1405 777 1595 829 uxoris
1629 775 1987 847 Imperatoris
2020 775 2241 827 litterae
2280 771 2349 826 de
2372 773 2494 839 eius
2537 788 2670 827 nece
2702 784 2756 824 et
2796 772 2888 822 in-

723 850 930 903 vitatio
973 849 1334 913 Byzantium,
1372 848 1635 916 urbisque
1674 841 2032 916 occupandae
2064 841 2323 897 indicata
2359 838 2717 897 commoditas
2754 840 2889 911 (88).

718 919 917 973 Persae
967 917 1132 972 duces
1183 912 1515 988 persuadent
1553 916 1975 976 Cantacuzeno‚
2011 917 2097 968 uti
2129 915 2316 966 statim
2352 929 2473 965 cum
2507 912 2760 967 omnibus
2795 926 2888 964 co·

711 990 829 1059 piis
867 990 1193 1056 Byzantium
1228 984 1438 1041 tendat.
1514 987 1666 1040 Uxor
1713 985 2032 1055 Apocauchi
2082 985 2146 1036 in
2179 983 2454 1053 Epibatas
2486 987 2707 1055 migrat.
2781 985 2890 1035 Im·

711 1071 943 1129 perator
979 1061 1195 1128 culpam
1230 1059 1554 1109 amissarum
1596 1057 1813 1109 urbium
1847 1052 2216 1109 Macedoniae
2250 1055 2315 1107 in
2332 1053 2532 1107 Persas
2561 1058 2731 1108 duces
2750 1069 2887 1107 con-

698 1132 855 1199 sert,
893 1147 1013 1183 cum
1049 1129 1247 1202 quibus
1281 1130 1343 1180 in
1379 1124 1768 1180 Macedoniam
1803 1124 1968 1183 redit.
2033 1123 2348 1180 Sulimanus
2382 1123 2634 1177 moritur.
2706 1124 2887 1176 Amu-

713 1200 836 1253 rius
921 1200 1218 1253 rovinciae
1255 1213 1389 1250 suae
1424 1215 1460 1250 a
1502 1196 1788 1255 Sarcbane
1820 1200 2017 1252 timens
2036 1234 2051 1255 ,
2088 1194 2303 1249 domum
2345 1195 2667 1248 remrtitur.
2743 1194 2884 1247 Cra·

711 1269 794 1323 les
824 1270 870 1321 Ρ
906 1287 1033 1323 eras
1074 1281 1308 1340 occupat
1346 1280 1399 1322 et
1438 1283 1494 1320 se
1527 1269 1948 1339 Imperatorem,
1991 1266 2177 1338 filium
2213 1265 2432 1319 Cralem
2469 1263 2715 1334 appellat
2747 1261 2881 1333 (89).

711 1341 972 1394 Batatzes
1007 1341 1189 1392 iussus
1212 1338 1366 1410 fines
1400 1339 1744 1404 Byzantinos
1778 1343 2032 1395 incursat
2053 1356 2072 1388 .·
2118 1334 2198 1392 ad
2235 1336 2635 1404 imperatricem
2688 1335 2884 1386 immo·

709 1407 842 1463 dica
871 1408 1103 1462 honoris
1137 1406 1397 1478 cupidine
1433 1410 1658 1463 transit.
1745 1412 1953 1471 Causa,
2001 1423 2106 1462 cur
2146 1406 2483 1478 Imperatrioe
2533 1421 2572 1456 a
2610 1420 2750 1475 pace
2796 1403 2883 1458 sic

708 1477 1081 1534 abhorruerit.
1153 1482 1425 1532 Batatzen
1454 1478 1532 1534 ad
1554 1497 1611 1533 se
1640 1497 1908 1536 revocare
1938 1481 2288 1549 quamobrem
2317 1475 2600 1528 laborarit
2638 1474 2885 1544 Impera·

709 1562 813 1604 tor.
901 1549 1046 1603 Eius
1094 1550 1448 1620 praeclarum
1479 1548 1756 1623 quoddam
1793 1551 1992 1605 visum.
2072 1551 2327 1603 Batatzes
2362 1563 2399 1597 a
2442 1545 2627 1599 Persis
2653 1556 2885 1615 propter

706 1621 1093 1687 Itnperatorem
1128 1618 1420 1674 occiditur.
1491 1622 1778 1690 Empyrite
1809 1620 2154 1690 imperatrici
2182 1613 2515 1674 transditur.
2584 1612 2886 1685 Phr-ango-

705 1690 875 1760 pulus
910 1686 1180 1762 quidam,
1245 1692 1431 1745 invito
1471 1691 1809 1761 Imperatore
1858 1695 1922 1744 in
1969 1703 2158 1743 castra
2206 1685 2507 1747 adductus,
2579 1701 2615 1736 a
2661 1701 2883 1738 veneno

708 1776 830 1814 eum
851 1771 1044 1814 servat
1071 1759 1202 1827 (90).
1275 1760 1566 1815 Hieracem
1602 1762 1711 1814 sibi
1742 1763 1929 1815 moliri
1956 1761 2258 1825 interitum,
2292 1774 2405 1811 non
2429 1753 2604 1810 credit
2625 1755 2883 1825 primum.-

707 1844 867 1903 quem
913 1827 1112 1883 deinde
1145 1829 1326 1903 officii
1377 1830 1648 1885 admonet.
1724 1832 1855 1886 Cum
1894 1830 2260 1885 Archontibus
2299 1830 2495 1882 iterum
2524 1826 2592 1878 ‘ut
2621 1823 2878 1893 proditor

707 1900 842 1965 agit.
915 1897 1062 1951 Idem
1094 1900 1251 1968 fitcit
1300 1898 1750 1971 Paraspondylus
1784 1916 1839 1957 et
1873 1900 2011 1955 duas
2048 1901 2118 1955 ob
2154 1916 2353 1955 causas
2383 1895 2643 1951 Hieracis
2676 1911 2876 1949 nomen

706 1968 788 2023 ad
825 1970 1208 2036 Imperatorem
1249 1969 1442 2042 defit-t.
1516 1974 1625 2036 Qui
1664 1973 1726 2026 in
1760 1990 1950 2044 pugna
1984 1972 2345 2030 vulneratus,
2402 1965 2482 2019 ad
2520 1977 2707 2019 castra
2746 1982 2876 2035 per-

704 2037 946 2092 ducitur.
1034 2042 1359 2105 Byzantium
1394 2043 1672 2111 profitgit5
1718 2042 1800 2096 ibi
1836 2041 1906 2096 de
1951 2038 2118 2095 caede
2161 2036 2518 2111 Imperatoris
2561 2053 2677 2088 non
2720 2035 2876 2090 obita

688 2125 929 2182 „causam
965 2106 1122 2165 dicit.
1198 2109 1450 2163 Studiosi
1486 2113 1844 2182 Imperatoris
1877 2111 2137 2180 Byzantii
2170 2112 2280 2163 iam
2310 2105 2593 2177 manifesti
2636 2103 2715 2158 ad
2751 2121 2875 2172 eum

700 2176 1041 2249 perfugiunt.
1104 2181 1333 2232 Hierum
1364 2198 1543 2250 paene
1580 2195 1902 2249 occupatum
1922 2200 1992 2235 ac
2017 2199 2142 2234 mox
2159 2198 2263 2251 per
2287 2176 2681 2259 negligentiam
2707 2178 2875 2228 amis-

703 2266 823 2303 sum
851 2250 983 2318 (91).
1054 2247 1425 2320 Adrianopoli
1456 2252 1872 2307 Cantacuzenus
1894 2263 2214 2311 coronatur.
2257 2252 2485 2307 Ioannt,
2511 2246 2873 2317 patriarchae

709 2320 1365 2391 Constantinopolitano,
1407 2322 1474 2374 ab
1509 2322 1810 2393 episcopis,
1846 2326 2179 2394 Imperatore
2213 2328 2524 2384 annuente,
2565 2318 2740 2371 sacris
2772 2319 2873 2370 in·-

705 2386 1017 2441 terdicitur.
1090 2391 1363 2444 Primores
1382 2403 1437 2444 et
1470 2395 1744 2447 exercitus
1776 2393 2117 2457 Matthaeum
2132 2390 2328 2466 filium
2360 2392 2745 2459 Imperator-sm
2777 2387 2872 2442 de-

707 2460 929 2529 signari
975 2472 1212 2528 rogant.-
1261 2459 1415 2532 quod
1451 2464 1762 2533 Mperator
1793 2465 2074 2535 sapienter
2108 2474 2329 2516 recusat
2360 2461 2497 2530 (92)-
2573 2457 2870 2512 Thessalo-

704 2529 1011 2582 nicensium
1046 2529 1254 2585 caedes.
1327 2531 1693 2604 Palaeologus
1724 2534 2040 2606 praefectus
2077 2552 2114 2588 a
2150 2534 2362 2586 Ioanne
2406 2527 2735 2601 Apocauclto
2779 2531 2872 2582 in-

701 2598 997 2674 terficitur.
1080 2602 1398 2654 Zelotarum
1437 2605 1616 2659 scelus
1664 2617 1718 2660 et
1762 2606 2031 2676 impietas.
2102 2602 2336 2669 Quidam
2369 2618 2557 2657 eorum
2591 2618 2628 2652 a
2660 2601 2868 2670 populo

702 2681 1056 2736 mactantur3
1105 2688 1245 2725 unus
1292 2690 1394 2741 per
1421 2674 1608 2743 sorum
1644 2675 1903 2746 trabitur.
1975 2674 2329 2746 Apocauchus
2369 2687 2471 2743 pro
2522 2672 2869 2725 Cantacuze-

701 2739 833 2793 nico
864 2757 922 2793 se
949 2757 1181 2809 gerens,
1217 2743 1444 2796 Zelotas
1468 2746 1629 2815 punit
1646 2765 1665 2796 .·
1693 2744 2060 2819 defectionem
2080 2744 2157 2797 ad
2185 2742 2584 2814 imperatricem
2610 2741 2865 2794 simulat.-

693 2821 858 2881 patre
890 2822 1104 2863 mortuo
1131 2825 1319 2880 aperte
1359 2815 1747 2869 Cantacuzeno
1766 2818 1935 2887 savet
1954 2838 1973 2867 .·
2022 2814 2465 2868 Thessalonicam
2497 2810 2581 2872 ei,
2622 2812 2866 2866 concilio

704 2876 1078 2949 suffragante,
1132 2881 1308 2934 tradit
1356 2882 1489 2950 (93).
1556 2883 1650 2937 Ad
1686 2886 2126 2938 Cantacuzenum
2145 2885 2332 2954 legati.
2388 2884 2668 2948 Quaenam
2691 2880 2867 2936 ms-

705 2950 1081 3002 salonicenses
1119 2970 1154 3003 a
1170 2951 1310 3026 filio
1353 2955 1471 3007 eius
1503 2967 1752 3025 petentes
1781 2958 2145 3026 impetrarint.
2218 2951 2467 3008 Andreas
2493 2949 2864 3019 Palaeologus

703 3030 762 3071 et
793 3020 1025 3072 Cocalas
1047 3024 1303 3092 populum
1334 3023 1413 3076 ad
1430 3042 1586 3077 arma
1609 3025 1931 3080 sollicitant.
2008 3023 2366 3094 Apocauchus
2391 3035 2444 3076 et
2469 3020 2611 3075 socii
2635 3039 2863 3077 carcere

703 3103 776 3140 ac
808 3091 933 3142 vita
967 3091 1287 3150 multantur.
1342 3097 1620 3147 Humanas
1649 3095 1814 3163 adeps
1841 3095 2156 3151 comeditur.
2228 3092 2539 3147 Matthaeus
2557 3090 2714 3160 filius
2745 3110 2862 3145 rem

703 3171 903 3242 contra
946 3162 1237 3217 Hieracem
1271 3164 1335 3215 in
1382 3165 1623 3219 Thracia
1644 3166 1905 3237 feliciter
1940 3169 2086 3234 gerit
2126 3165 2255 3236 (94).
2327 3159 2660 3216 I’atriarcha
2688 3163 2859 3216 ‘Con-

701 3231 1235 3312 stantinopolitanus
1264 3252 1299 3285 a
1322 3252 1472 3302 papa
1506 3233 1856 3299 declaratus,
1909 3241 2173 3303 Smyrnae
2205 3236 2273 3288 ab
2312 3235 2533 3287 Amurio
2566 3231 2857 3288 Persarum

700 3310 963 3369 ”strapas
1005 3305 1300 3372 lugulatur.
1347 3305 1473 3359 Chii
1498 3308 1763 3375 compulsi
1793 3307 2165 3361 Genuensibus
2199 3324 2255 3358 se
2288 3304 2512 3358 dedunt.
2552 3302 2857 3357 Phaceola-

701 3380 809 3430 tus,
849 3383 1014 3440 capta
1044 3374 1153 3424 iam
1192 3374 1345 3436 Chio,
1385 3391 1504 3426 cum
1538 3378 1853 3430 triremibus
1875 3380 1987 3428 suis
2022 3377 2344 3445 Byzantium
2372 3371 2554 3427 redit.-
2601 3377 2859 3428 Ganuen-

701 3456 810 3492 sem
856 3443 1173 3523 onerariam
1214 3444 1518 3512 intercipit.
1589 3448 1919 3512 Imperatria·
1939 3448 2216 3513 Mpalicis,
2258 3446 2544 3500 Carbonae
2557 3446 2857 3516 principis,

701 3526 736 3560 o
774 3527 855 3561 em
888 3523 1156 3579 impetrat.
1228 3515 1365 3565 Eius
1377 3515 1624 3584 fi·atrem
1661 3518 2058 3584 Tomprotizam
2088 3519 2359 3570 exercitus
2393 3516 2628 3569 Romani
2663 3514 2857 3569 ducens

685 3527 857 3650 ficit.
898 3579 1145 3634 Orclaeani
1170 3582 1480 3647 Theodora,
1507 3587 1862 3655 Imperatoris
1890 3587 2052 3659 filia.
2097 3587 2246 3657 apud
2270 3587 2573 3653 Selybriam
2598 3587 2855 3640 solenni-

705 3648 803 3729 bus
850 3667 966 3703 cum
1025 3654 1376 3706 caerimoniis
1410 3669 1633 3723 nuptum
1674 3655 1919 3709 traditur
2021 3656 2281 3711 Eiusdem
2323 3670 2606 3710 matronae
2643 3658 2855 3711 eximia

700 3730 884 3800 virtus
913 3720 1028 3802 (95)
1114 3723 1492 3798 Speculatores
1520 3728 1772 3779 submissi
1815 3745 1885 3780 ex
1923 3728 2163 3781 Ponticis
2188 3730 2444 3794 urbibus,
2484 3745 2716 3799 quorum
2754 3728 2852 3780 in-

700 3785 850 3839 dicto
883 3793 1122 3844 near-im
1158 3791 1607 3863 deprehenditur.
1682 3800 2009 3865 Imperatrix
2045 3797 2123 3850 ad
2147 3800 2463 3855 Sarchanis.
2503 3796 2711 3864 Lydiae
2752 3815 2850 3851 sa·-

699 3869 917 3939 trapae‚
949 3864 1214 3915 auxilium
1250 3863 1512 3936 confugit.
1553 3869 1768 3920 Amurii
1793 3867 1991 3921 techna
2033 3868 2110 3920 ad
2139 3866 2564 3923 succurrendum
2598 3871 2848 3938 Impera-

692 3937 822 3977 tort.
897 3930 1091 3987 Persae
1125 3952 1159 3984 a
1183 3934 1482 4002 perfidio-so
1512 3936 1665 4004 sacto
1699 3937 1929 3991 cohibiti
1951 3961 1968 3990 .-
2018 3941 2211 3993 obvios
2239 3942 2462 4012 capiunt
2497 3949 2550 3991 et
2582 3941 2848 4009 spoliant.

694 3998 878 4077 Duces
906 4016 1090 4052 eorum
1131 4005 1198 4054 ab
1233 4005 1561 4072 Imperatore
1598 4009 1866 4060 convivio
1898 4011 2288 4078 excipiuntur.-
2332 4012 2481 4082 iique
2515 4023 2846 4078 praeterna-

695 4079 955 4148 vta'mttes
983 4084 1033 4121 et
1060 4076 1440 4129 conviciantes
1479 4079 1775 4138 Byzantios
1802 4080 2021 4148 sagittis
2051 4094 2256 4148 petunt.
2334 4081 2609 4147 Byzantii,
2653 4098 2844 4134 eorum

696 4134 1001 4219 desectione
1031 4158 1342 4209 perspecta,
1394 4146 1641 4200 redeunt.
1729 4149 1966 4201 Donatis
2000 4149 2247 4213 ducibus,
2274 4151 2470 4204 Persae
2505 4147 2717 4210 domum
2748 4168 2843 4204 re-

697 4217 989 4258 mittuntur
1007 4231 1024 4259 .·
1072 4212 1331 4266 Moesiam
1361 4215 1809 4286 depraedantur.-
1836 4222 2143 4286 Imperator
2168 4234 2471 4274 excusatur.
2537 4222 2617 4273 De
2648 4223 2844 4273 Roma-

694 4275 787 4329 nis
823 4274 1065 4334 hostibus
1093 4294 1145 4336 et
1185 4288 1499 4341 auctoribus
1530 4290 1794 4342 malorum
1826 4293 2067 4345 omnium
2105 4293 2296 4365 gravis
2320 4293 2668 4363 querimonia
2698 4291 2841 4362 (9⁶)-
