3263 5161
926 407 987 506 4
1769 421 2183 489 Pssmocm.

927 582 1154 636 Μετίου
1174 579 1482 653 honorifice
1507 580 1706 634 habiti.
1774 577 2104 651 Apocaucluo
2126 577 2515 631 Sennacherim
2536 577 2881 645 subrogatur.
2955 578 3101 632 Con·

926 653 1166 723 spiratio
1201 663 1256 702 et
1305 651 1515 721 legatio
1567 650 1976 721 pra‘efiectorum
2032 645 2337 701 occidentis
2380 648 2509 715 (ιι).
2587 650 2774 701 Crates
2832 646 3101 701 Macedo·

928 723 1062 777 niae
1098 721 1349 789 infestus.
1418 722 1659 791 Magnus
1697 718 2026 774 domesticus
2047 718 2560 791 ‘Peloponnesiacae
2612 717 2957 788 expeditioni
2994 732 3102 770 an-

930 789 1312 846 tevertendum
1328 826 1348 853 ,
1395 788 1630 861 ideoque
1666 790 1994 857 Byzantium
2028 785 2417 839 revertendum
2452 801 2650 844 censet.
2722 788 3026 857 Excipitur
3060 808 3104 840 a

928 860 1295 928 Byzantinis:
1335 860 1739 930 imperatricem
1772 861 1925 912 luctu
1962 869 2016 910 et
2049 856 2237 909 morbo
2265 856 2532 929 afflictam
2558 858 2883 911 consolatur
2905 878 2924 908 .-
2958 853 3107 929 quid

930 932 1141 1002 egerit,
1181 929 1323 1002 quid
1354 943 1583 983 acturus
1616 931 1690 981 sit
1724 930 1954 999 exponit
1988 927 2119 995 (ια).
2191 924 2280 978 Ad
2307 925 2579 994 palatium
2613 928 2826 983 nobiles
2860 940 2914 980 et
2945 928 3102 979 mili-

930 1012 1014 1053 tes
1052 1002 1286 1054 clamose
1321 1019 1438 1054 cum
1475 1000 1805 1070 patriarcha
1846 996 1913 1052 de
1946 996 2155 1050 honore
2203 994 2489 1048 domestici
2538 997 2853 1065 iurgantur.
2924 998 3106 1067 Impe-

933 1072 1118 1125 ratrioe
1132 1070 1511 1139 iurgantibus,
1529 1070 1745 1140 triplici
1759 1085 1948 1121 eorum
1962 1078 2189 1139 peccato
2202 1065 2598 1128 demum-uo,
2622 1069 2840 1118 veniam
2855 1064 2953 1118 dat
2971 1067 3016 1134 (ι
3032 1067 3106 1136 3).

937 1142 1021 1195 De
1056 1158 1239 1210 poena
1257 1140 1578 1210 Apocaucbi
1615 1156 1734 1192 cum
1771 1138 2065 1191 domestico
2103 1132 2414 1189 deliberat.-
2445 1136 2567 1187 eius
2601 1136 2822 1189 natales
2854 1149 2909 1189 et
2924 1149 3110 1188 status

932 1211 1221 1282 pristinus.
1298 1206 1578 1275 Quomodo
1611 1208 1756 1262 idem
1793 1205 2162 1279 Apocauchus
2197 1205 2437 1265 Xenam,
2469 1207 2822 1273 Imperatoris
2855 1218 3115 1268 matrem,

936 1277 1212 1333 adversus
1267 1277 1618 1332 domesticum
1668 1278 1989 1333 concitarit.
2073 1277 2356 1329 Invitatus
2396 1272 2721 1333 domesticus
2756 1272 2836 1326 ad
2867 1292 3116 1328 commu-

939 1351 1164 1402 nionem
1199 1367 1485 1420 purpurae
1522 1361 1577 1401 et
1611 1350 1834 1419 imperii
1871 1357 2091 1399 recusat
2137 1346 2231 1412 (14
2343 1346 2497 1398 Metu
2538 1345 2675 1397 mali
2715 1344 3122 1399 obtrectatores

937 1418 1224 1474 domestici
1257 1421 1319 1471 in
1354 1422 1471 1472 eius
1505 1436 1560 1472 se
1595 1420 1838 1489 gratiam
1876 1419 2166 1471 restituere
2245 1413 2526 1468 esiderant
2565 1429 2618 1468 et
2652 1417 2917 1484 imprimis
2953 1415 3119 1485 Apo-

940 1487 1181 1544 cauchus
1201 1523 1219 1549 ,
1257 1489 1352 1542 cui
1384 1490 1627 1557 supplici
1661 1507 1780 1542 cum
1814 1489 1965 1539 seria
1989 1483 2367 1539 admonitione
2393 1484 2715 1552 ignoscitur.
2793 1487 2911 1549 Quo
2935 1497 3112 1554 pacto

940 1560 1039 1613 ille
1085 1554 1225 1610 idem
1253 1571 1489 1641 propter
1520 1561 1928 1630 praefecturam
1955 1556 2089 1631 fisci
2128 1574 2243 1607 non
2278 1553 2554 1607 obtentum
2589 1555 2783 1607 turbas
2804 1555 3016 1626 jecerit
3052 1567 3114 1607 et

940 1630 1006 1681 in
1039 1625 1386 1682 domesticum
1416 1642 1708 1698 praesente
1750 1627 2105 1696 inperatrice
2146 1626 2394 1678 inuectus
2428 1626 2500 1675 sit
2529 1625 2663 1694 (15).
2735 1626 2878 1677 Eum
2918 1637 2971 1676 et
3006 1625 3117 1675 im-

937 1700 1266 1769 peratricem
1298 1701 1521 1768 placat,
1556 1698 1820 1767 Epibatis
1855 1693 2047 1766 egredi
2082 1712 2197 1745 non
2220 1691 2402 1745 audet.
2474 1695 2777 1746 Domestici
2794 1691 2875 1745 ad
2895 1696 3117 1761 Byzan-

938 1769 1049 1821 tios
1084 1765 1150 1820 de
1180 1784 1318 1837 pace
1358 1765 1691 1821 cohortatio.
1759 1765 1962 1819 Filiam
2014 1765 2345 1834 Imperatori
2391 1760 2726 1831 despondere
2770 1762 2968 1832 differt.
3038 1764 3115 1814 In

939 1841 1144 1892 itinere
1183 1853 1237 1889 se
1274 1835 1635 1907 Apocauchus
1670 1836 1725 1889 ei
1754 1836 2024 1906 permittit
2045 1854 2061 1886 ε
2113 1850 2233 1889 cum
2267 1845 2442 1885 matre
2478 1831 2763 1888 domestici
2788 1834 3115 1894 collocutus,

940 1921 1006 1960 ut
1040 1924 1095 1960 se
1133 1908 1307 1977 magis
1342 1924 1426 1969 re,
1462 1924 1628 1979 quam
1657 1906 1866 1967 verbis,
1903 1903 2229 1958 benevolum
2301 1916 2542 1965 raestet,
2601 1902 2928 1956 admonetur
2973 1904 3112 1969 (16).

942 1980 1196 2030 Animum
1228 1976 1591 2048 patriarchae
1620 1975 1806 2037 subit,
1848 1972 2198 2026 do'mesticum
2260 1973 2377 2025 also
2410 1987 2670 2037 accusat,
2709 1973 3117 2042 imperatricem

946 2044 1215 2099 adversus
1250 2043 1600 2097 domesticum
1640 2040 1981 2097 irritandam
2017 2040 2216 2093 suadet
2248 2054 2302 2093 et
2320 2044 2591 2095 rationem
2614 2046 2892 2113 proponit.
2965 2045 3119 2095 Asa·

938 2132 1042 2169 nes
1083 2131 1187 2183 pro
1228 2113 1381 2187 filiis
1426 2116 1748 2168 sexennium
1796 2128 2021 2166 carcere
2068 2110 2305 2165 detentis
2350 2122 2516 2182 rogat
2553 2110 2684 2183 (17).
2774 2113 3122 2164 Domesticus

944 2201 1166 2255 operam
1196 2183 1509 2252 pollicetur.
1581 2184 1838 2235 Socerum
1877 2194 2075 2235 contra
2108 2197 2367 2253 generum
2407 2182 2766 2252 Apocaucbus
2803 2180 3122 2252 inflammat

942 2254 1073 2322 (19).
1152 2253 1446 2306 Coniurati
1499 2252 1789 2322 sigillatim
1835 2249 1990 2324 apud
2031 2253 2432 2321 imperatricem
2467 2251 2753 2305 domestici
2787 2270 2983 2303 nomen
3019 2250 3124 2303 de-

929 2324 1152 2395 serant.
1223 2323 1444 2394 Singuli
1476 2324 1833 2376 reiiciuntur.
1901 2323 2180 2375 Postremo
2223 2339 2287 2374 eo
2324 2321 2607 2394 adigitur.
2669 2336 2728 2375 ut
2760 2321 2971 2374 iudicio
3013 2338 3125 2372 ar-

946 2390 1258 2447 cessendum
1286 2407 1476 2462 putet,
1524 2409 1684 2462 quem
1718 2391 2051 2463 patriarcha
2088 2389 2303 2444 indicta
2338 2410 2509 2446 causa
2551 2389 2924 2444 damnandum
2960 2388 3124 2443 arbi-

946 2462 1206 2518 trabatur
1239 2463 1376 2530 (πο).
1447 2458 1601 2515 Idem
1641 2464 2043 2532 imperatricem
2077 2462 2321 2532 periculi
2351 2465 2634 2531 gravitate
2671 2460 2910 2515 deterret
2941 2458 3124 2513 vehe-

946 2543 1262 2601 menterque
1313 2534 1677 2602 suspicionem
1714 2544 1891 2603 auget.
1965 2535 2178 2586 Asanes
2215 2535 2627 2586 accusationem
2665 2528 2949 2586 concludit
2978 2529 3117 2602 (αι).

947 2602 1116 2659 Dolet
1173 2616 1229 2654 et
1274 2605 1506 2673 angitur
1558 2605 1888 2674 imperatrix
1938 2617 2104 2670 atque
2157 2605 2222 2655 in
2268 2605 2598 2656 sententiam
2648 2604 3119 2656 calumniatorum

942 2668 1333 2746 propendens,
1389 2675 1463 2724 iis
1511 2692 1567 2726 se
1615 2691 1735 2725 cum
1770 2673 1961 2726 liberis
1986 2674 2143 2742 flens
2177 2671 2532 2727 commendat.
2602 2676 2789 2726 Mater
2828 2671 3125 2724 domestici

951 2760 1073 2798 cum
1152 2742 1231 2793 lio
1268 2744 1492 2795 minimo
1537 2756 1679 2796 natu
1715 2754 1767 2795 et
1804 2761 1972 2797 uxore
2009 2744 2243 2796 alterius
2272 2744 2391 2814 filii
2421 2741 2570 2795 domi
2600 2745 2755 2796 velut
2794 2743 2854 2795 in
2891 2758 3121 2793 carcere

952 2813 1042 2867 cla
1123 2811 1250 2862 itur.
1323 2812 1683 2880 Apocauclius
1718 2811 1872 2864 urbis
1903 2812 2220 2885 praefectus
2260 2826 2500 2874 creatus,
2534 2812 2744 2880 {rastra
2782 2812 3004 2864 militem
3041 2807 3127 2862 ad

958 2879 1313 2951 diripiendas
1337 2893 1391 2932 et
1410 2880 1742 2936 evertendas
1764 2880 2050 2936 domestici
2089 2881 2252 2935 aedes
2277 2886 2447 2936 mittit
2461 2901 2482 2948 ,·
2515 2883 2674 2935 cuius
2691 2883 2880 2943 amici,
2902 2882 3003 2952 qui
3015 2897 3122 2950 pe-

958 2952 1134 3006 riculi
1165 2949 1395 3003 vitandi
1427 2970 1496 3006 ea·
1531 2950 1664 3004 urbe
1683 2951 1996 3021 fugerant,
2033 2954 2379 3022 imperatrici
2407 2970 2463 3004 se
2501 2965 2799 3013 excusant,
2847 2947 3126 3003 redeundi

947 3022 1177 3076 veniam
1197 3032 1380 3072 orant.
1455 3021 1700 3074 Gabalas
1723 3024 2165 3092 praevaricatur
2193 3024 2322 3090 (υ).
2398 3024 2508 3088 Qui
2523 3025 2793 3089 Byzantio
2815 3021 3122 3091 fugerant,

954 3089 1335 3157 Didymotichi
1367 3107 1511 3157 quae
1545 3104 1675 3144 acta
1712 3094 1828 3145 sint
1865 3105 2121 3146 narrant.
2197 3093 2418 3163 Legatis
2451 3095 2628 3144 missis
2665 3091 2933 3144 iudicium
2968 3087 3036 3139 de
3065 3103 3128 3141 se

960 3160 1289 3214 domesticus
1399 3163 1603 3213 stulat:
1642 3179 1678 3213 a
1707 3165 1977 3215 ministris
1999 3163 2319 3235 Apocauchi
2351 3164 2492 3214 male
2529 3165 2888 3231 accipiuntur
2972 3156 3129 3210 Idem

958 3228 1286 3284 domesticus
1394 3232 1494 3284 stis
1530 3228 1859 3285 declaratur
1894 3234 2023 3302 (23).
2051 3241 2056 3248 “
2098 3234 2206 3286 Per
2226 3234 2445 3285 litteras
2469 3232 2842 3302 Imperatricis
2864 3230 3131 3280 vicaria-

960 3313 1025 3354 tu
1054 3300 1276 3353 iubetur
1315 3300 1489 3352 abire.
1564 3299 1716 3364 Quid
1750 3303 2019 3371 agendum
2057 3302 2152 3363 sit,
2192 3301 2460 3354 militibus
2477 3301 2675 3353 bellum
2693 3297 3129 3370 flagitantibus,

962 3372 1270 3442 quaeritur.
1361 3370 1556 3422 Oratio
1612 3369 1966 3439 longiuscula
2010 3370 2324 3432 domestici,
2378 3387 2492 3440 qua
2543 3374 2751 3424 crimen
2812 3365 3138 3437 occupandi

962 3440 1128 3510 regni
1156 3437 1379 3505 refellit.
1449 3436 1538 3490 Ad
1555 3440 1956 3507 imperatricem
1987 3442 2300 3509 profectus,
2337 3441 2455 3493 eius
2484 3457 2542 3493 se
2569 3439 2876 3492 arbitratui
2891 3437 3134 3507 permit-—

962 3521 1080 3563 tere
1123 3510 1333 3578 cogitat
1385 3507 1515 3576 (24).
1602 3509 1862 3562 Proceres
1907 3512 2113 3564 rectius
2159 3510 2320 3564 rebus
2359 3511 2734 3563 consulturum
2772 3520 3025 3567 censent,
3076 3509 3135 3559 si

962 3595 1263 3651 purpuram
1292 3575 1510 3632 induat.
1552 3580 1630 3632 Iis
1653 3582 1932 3641 renitens,
1971 3578 2194 3634 tandem
2219 3582 2307 3632 rei
2330 3581 2592 3651 publicae
2621 3596 2794 3632 causa
2815 3595 3001 3631 eorum
3023 3594 3136 3628 vo·

965 3649 1177 3703 luntati
1203 3645 1524 3718 obsequitur
1550 3651 1662 3715 (25.
1680 3650 1785 3716 26).
1834 3647 2211 3713 Didymotichi
2225 3650 2414 3721 palam
2434 3652 2583 3721 capit
2608 3662 2864 3701 ornatum
2891 3649 3140 3717 impera·

968 3721 1172 3771 torium
1193 3734 1311 3769 cum
1327 3717 1545 3786 faustis
1564 3719 2076 3771 acclamationibus.
2153 3719 2433 3788 Quaedam
2460 3720 2780 3788 futurorum
2808 3718 3138 3786 praesagia.

967 3790 1237 3858 Episcopi
1281 3783 1782 3856 Didymotichensis
1829 3791 2010 3842 visum
2059 3803 2111 3844 et
2157 3792 2276 3843 eius
2309 3793 2430 3843 viri
2461 3792 2587 3843 laus
2621 3790 2750 3858 (27).
2821 3791 3142 3858 Imperator

970 3875 1161 3910 rursus
1213 3859 1280 3910 ab
1335 3875 1390 3910 se
1433 3859 1795 3928 suspicionem
1829 3859 2149 3925 tyrannidis
2196 3873 2484 3925 removet,·
2521 3860 2786 3911 militibus
2823 3875 3021 3909 uxores
3061 3874 3140 3910 ac

970 3926 1176 3980 liberos
1218 3927 1544 3982 habentibus
1579 3927 1889 3981 missionem
1936 3927 2070 3997 dat,·
2109 3943 2349 3983 retentos
2402 3933 2465 3983 in
2511 3946 2703 4001 agrum
2759 3929 3140 3994 Byzantinum

969 3996 1176 4057 mittit,
1212 3997 1397 4050 eodem
1432 3997 1596 4051 brevi
1620 4011 1889 4052 venturus
1907 4000 2198 4071 urbemque
2220 4003 2537 4053 invasurus.
2605 3999 2880 4051 Narratio
2905 3997 3144 4066 longior

971 4063 1040 4119 de
1066 4066 1248 4130 malis,
1278 4086 1419 4140 quae
1455 4067 1830 4137 Adrianopoli
1868 4088 1934 4123 ex
1972 4069 2244 4122 seditione
2280 4070 2346 4123 ob
2383 4086 2586 4122 novum
2620 4069 3007 4132 Imperatorem
3032 4083 3144 4118 e:-

970 4135 1236 4187 stiterint.
1308 4140 1441 4191 Item
1465 4140 1808 4194 calamitates
1837 4159 1938 4212 per
1975 4142 2269 4193 Romanum
2305 4143 2586 4211 imperium
2620 4149 2848 4209 propter
2898 4133 3141 4189 eundem

971 4205 1103 4272 (28).
1177 4204 1685 4279 Adrianopolitani
1708 4209 2037 4271 Alexandri,
2077 4212 2386 4264 Moesorum
2419 4211 2588 4278 regis,
2636 4225 2788 4278 opem
2821 4209 3141 4259 invocant.-

973 4276 1133 4327 cuius
1167 4272 1440 4330 adventus
1482 4279 1873 4334 Cantacuzeuo
1907 4281 2132 4332 multum
2174 4281 2338 4333 obest.
2408 4280 2588 4332 Moesi
2625 4274 2932 4344 praedones
2961 4292 2996 4326 a
3023 4275 3149 4326 Bo·-

972 4346 1154 4400 manis
1180 4348 1386 4419 partim
1419 4345 1767 4417 caeduntur,
1798 4352 2004 4423 partim
2050 4352 2351 4422 capiuntur
2394 4348 2525 4420 (29).
2598 4349 2732 4419 Opes
2756 4346 3151 4399 Cantacuzeni
