<?xml version="1.0" encoding="UTF-8"?>
<!DOCTYPE html PUBLIC "-//W3C//DTD XHTML 1.0 Transitional//EN"
    "http://www.w3.org/TR/xhtml1/DTD/xhtml1-transitional.dtd">
<html xmlns="http://www.w3.org/1999/xhtml" xml:lang="en" lang="en">
 <head>
  <title>
</title>
<meta http-equiv="Content-Type" content="text/html;charset=utf-8" />
  <meta name='ocr-system' content='tesseract 3.04.00' />
  <meta name='ocr-capabilities' content='ocr_page ocr_carea ocr_par ocr_line ocrx_word'/>
</head>
<body>
  <div class='ocr_page' id='page_1' title='image "./historiarumlibr00niebgoog_0014.png"; bbox 0 0 3263 5161; ppageno 0'>
   <div class='ocr_carea' id='block_1_1' title="bbox 721 340 2187 437">
    <p class='ocr_par' dir='ltr' id='par_1_1' title="bbox 721 340 2187 437">
     <span class='ocr_line' id='line_1_1' title="bbox 721 340 2187 437; baseline 0.001 -13"><span class='ocrx_word' id='word_1_1' title='bbox 721 363 803 424; x_wconf 75' lang='lat' dir='ltr'><strong>w</strong></span> <span class='ocrx_word' id='word_1_2' title='bbox 1500 359 1777 425; x_wconf 73' lang='lat' dir='ltr'>PRAEM</span> <span class='ocrx_word' id='word_1_3' title='bbox 1785 361 2127 437; x_wconf 71' lang='lat' dir='ltr'><strong>omnm.</strong></span> <span class='ocrx_word' id='word_1_4' title='bbox 2179 340 2187 348; x_wconf 84' lang='grc'><strong><em>’</em></strong></span> 
     </span>
    </p>
   </div>
   <div class='ocr_carea' id='block_1_2' title="bbox 722 501 2907 872">
    <p class='ocr_par' dir='ltr' id='par_1_2' title="bbox 722 501 2907 872">
     <span class='ocr_line' id='line_1_2' title="bbox 726 501 2906 626; baseline 0.005 -36"><span class='ocrx_word' id='word_1_5' title='bbox 726 514 1023 605; x_wconf 90' lang='lat' dir='ltr'><strong>tinctis,</strong></span> <span class='ocrx_word' id='word_1_6' title='bbox 1075 516 1374 595; x_wconf 82' lang='lat' dir='ltr'><strong>litterae</strong></span> <span class='ocrx_word' id='word_1_7' title='bbox 1426 535 1726 594; x_wconf 85' lang='lat' dir='ltr'><strong>nostrae</strong></span> <span class='ocrx_word' id='word_1_8' title='bbox 1791 540 2276 626; x_wconf 83' lang='lat' dir='ltr'><strong>acceperant,</strong></span> <span class='ocrx_word' id='word_1_9' title='bbox 2349 521 2413 597; x_wconf 87' lang='lat' dir='ltr'><strong>is</strong></span> <span class='ocrx_word' id='word_1_10' title='bbox 2460 550 2664 601; x_wconf 86' lang='lat' dir='ltr'><strong>unus</strong></span> <span class='ocrx_word' id='word_1_11' title='bbox 2727 501 2906 601; x_wconf 87' lang='lat' dir='ltr'><strong>cum</strong></span> 
     </span>
     <span class='ocr_line' id='line_1_3' title="bbox 722 640 2906 747; baseline 0.005 -36"><span class='ocrx_word' id='word_1_12' title='bbox 722 640 988 743; x_wconf 82' lang='lat' dir='ltr'><strong>paucis</strong></span> <span class='ocrx_word' id='word_1_13' title='bbox 1020 666 1400 747; x_wconf 83' lang='lat' dir='ltr'><strong>superesse</strong></span> <span class='ocrx_word' id='word_1_14' title='bbox 1437 640 1882 733; x_wconf 84' lang='lat' dir='ltr'><strong>videbatur,</strong></span> <span class='ocrx_word' id='word_1_15' title='bbox 1916 644 2057 747; x_wconf 87' lang='lat' dir='ltr'><strong>qui</strong></span> <span class='ocrx_word' id='word_1_16' title='bbox 2094 669 2255 718; x_wconf 89' lang='lat' dir='ltr'><strong>rem</strong></span> <span class='ocrx_word' id='word_1_17' title='bbox 2291 641 2654 721; x_wconf 83' lang='lat' dir='ltr'><strong>afflictam</strong></span> <span class='ocrx_word' id='word_1_18' title='bbox 2690 648 2906 723; x_wconf 89' lang='lat' dir='ltr'><strong>susti-</strong></span> 
     </span>
     <span class='ocr_line' id='line_1_4' title="bbox 725 763 2907 872; baseline 0.003 -34"><span class='ocrx_word' id='word_1_19' title='bbox 725 782 991 853; x_wconf 87' lang='lat' dir='ltr'><strong>neret,</strong></span> <span class='ocrx_word' id='word_1_20' title='bbox 1065 765 1148 839; x_wconf 90' lang='lat' dir='ltr'><strong>in</strong></span> <span class='ocrx_word' id='word_1_21' title='bbox 1196 790 1427 867; x_wconf 91' lang='lat' dir='ltr'><strong>quem</strong></span> <span class='ocrx_word' id='word_1_22' title='bbox 1481 766 1715 840; x_wconf 91' lang='lat' dir='ltr'><strong>ceteri</strong></span> <span class='ocrx_word' id='word_1_23' title='bbox 1765 763 1977 841; x_wconf 83' lang='lat' dir='ltr'><strong>velut</strong></span> <span class='ocrx_word' id='word_1_24' title='bbox 2026 766 2111 841; x_wconf 93' lang='lat' dir='ltr'><strong>in</strong></span> <span class='ocrx_word' id='word_1_25' title='bbox 2158 767 2592 872; x_wconf 85' lang='lat' dir='ltr'><strong>exemplum</strong></span> <span class='ocrx_word' id='word_1_26' title='bbox 2638 771 2907 845; x_wconf 82' lang='lat' dir='ltr'><strong>severi-</strong></span> 
     </span>
    </p>
   </div>
   <div class='ocr_carea' id='block_1_3' title="bbox 700 886 2944 993">
    <p class='ocr_par' dir='ltr' id='par_1_3' title="bbox 700 886 2944 993">
     <span class='ocr_line' id='line_1_5' title="bbox 700 886 2944 993; baseline 0 -26"><span class='ocrx_word' id='word_1_27' title='bbox 700 886 876 967; x_wconf 81' lang='lat' dir='ltr'><strong>oris</strong></span> <span class='ocrx_word' id='word_1_28' title='bbox 922 914 1010 960; x_wconf 91' lang='lat' dir='ltr'><strong>ac</strong></span> <span class='ocrx_word' id='word_1_29' title='bbox 1068 914 1375 992; x_wconf 82' lang='lat' dir='ltr'><strong>prorsus</strong></span> <span class='ocrx_word' id='word_1_30' title='bbox 1438 888 1810 993; x_wconf 87' lang='lat' dir='ltr'><strong>antiquae</strong></span> <span class='ocrx_word' id='word_1_31' title='bbox 1857 887 2314 965; x_wconf 82' lang='lat' dir='ltr'><strong>eruditionis</strong></span> <span class='ocrx_word' id='word_1_32' title='bbox 2379 891 2944 983; x_wconf 84' lang='lat' dir='ltr'><strong>intuerentur,-</strong></span> 
     </span>
    </p>
   </div>
   <div class='ocr_carea' id='block_1_4' title="bbox 617 1011 2926 4213">
    <p class='ocr_par' dir='ltr' id='par_1_4' title="bbox 617 1011 2926 4213">
     <span class='ocr_line' id='line_1_6' title="bbox 725 1011 2908 1121; baseline 0.003 -36"><span class='ocrx_word' id='word_1_33' title='bbox 725 1011 809 1086; x_wconf 91' lang='lat' dir='ltr'><strong>in</strong></span> <span class='ocrx_word' id='word_1_34' title='bbox 862 1038 1050 1114; x_wconf 88' lang='lat' dir='ltr'><strong>quo,</strong></span> <span class='ocrx_word' id='word_1_35' title='bbox 1124 1039 1639 1116; x_wconf 90' lang='lat' dir='ltr'><strong>quaecunque</strong></span> <span class='ocrx_word' id='word_1_36' title='bbox 1712 1013 1864 1089; x_wconf 86' lang='lat' dir='ltr'><strong>sive</strong></span> <span class='ocrx_word' id='word_1_37' title='bbox 1912 1012 2011 1088; x_wconf 90' lang='lat' dir='ltr'><strong>ad</strong></span> <span class='ocrx_word' id='word_1_38' title='bbox 2060 1012 2656 1121; x_wconf 88' lang='lat' dir='ltr'><strong>amplitudinem</strong></span> <span class='ocrx_word' id='word_1_39' title='bbox 2706 1015 2908 1092; x_wconf 90' lang='lat' dir='ltr'><strong>litte-</strong></span> 
     </span>
     <span class='ocr_line' id='line_1_7' title="bbox 724 1135 2905 1243; baseline 0.002 -33"><span class='ocrx_word' id='word_1_40' title='bbox 724 1163 1028 1226; x_wconf 87' lang='lat' dir='ltr'><strong>rarum,</strong></span> <span class='ocrx_word' id='word_1_41' title='bbox 1081 1137 1233 1211; x_wconf 87' lang='lat' dir='ltr'><strong>sive</strong></span> <span class='ocrx_word' id='word_1_42' title='bbox 1279 1136 1378 1212; x_wconf 89' lang='lat' dir='ltr'><strong>ad</strong></span> <span class='ocrx_word' id='word_1_43' title='bbox 1429 1135 1841 1230; x_wconf 73' lang='lat' dir='ltr'><strong>arcendam</strong></span> <span class='ocrx_word' id='word_1_44' title='bbox 1879 1136 2337 1241; x_wconf 83' lang='lat' dir='ltr'><strong>fortiterque</strong></span> <span class='ocrx_word' id='word_1_45' title='bbox 2385 1137 2905 1243; x_wconf 87' lang='lat' dir='ltr'><strong>repellendam</strong></span> 
     </span>
     <span class='ocr_line' id='line_1_8' title="bbox 724 1258 2905 1365; baseline 0.001 -32"><span class='ocrx_word' id='word_1_46' title='bbox 724 1259 1339 1365; x_wconf 87' lang='lat' dir='ltr'><strong>superstitionem</strong></span> <span class='ocrx_word' id='word_1_47' title='bbox 1391 1278 1469 1335; x_wconf 89' lang='lat' dir='ltr'><strong>et</strong></span> <span class='ocrx_word' id='word_1_48' title='bbox 1514 1258 1948 1334; x_wconf 87' lang='lat' dir='ltr'><strong>barbariem</strong></span> <span class='ocrx_word' id='word_1_49' title='bbox 2000 1258 2378 1352; x_wconf 84' lang='lat' dir='ltr'><strong>facerent,</strong></span> <span class='ocrx_word' id='word_1_50' title='bbox 2426 1287 2726 1337; x_wconf 90' lang='lat' dir='ltr'><strong>summa</strong></span> <span class='ocrx_word' id='word_1_51' title='bbox 2787 1259 2905 1336; x_wconf 91' lang='lat' dir='ltr'><strong>in-</strong></span> 
     </span>
     <span class='ocr_line' id='line_1_9' title="bbox 729 1383 2909 1488; baseline 0.001 -31"><span class='ocrx_word' id='word_1_52' title='bbox 729 1410 879 1459; x_wconf 87' lang='lat' dir='ltr'><strong>esse</strong></span> <span class='ocrx_word' id='word_1_53' title='bbox 941 1383 1198 1460; x_wconf 90' lang='lat' dir='ltr'><strong>omnia</strong></span> <span class='ocrx_word' id='word_1_54' title='bbox 1264 1400 1661 1458; x_wconf 88' lang='lat' dir='ltr'><strong>constaret.</strong></span> <span class='ocrx_word' id='word_1_55' title='bbox 1767 1383 1836 1458; x_wconf 90' lang='lat' dir='ltr'>O</span> <span class='ocrx_word' id='word_1_56' title='bbox 1907 1387 2119 1488; x_wconf 84' lang='lat' dir='ltr'><strong>spem</strong></span> <span class='ocrx_word' id='word_1_57' title='bbox 2169 1384 2478 1459; x_wconf 90' lang='lat' dir='ltr'><strong>inanem</strong></span> <span class='ocrx_word' id='word_1_58' title='bbox 2528 1384 2909 1488; x_wconf 87' lang='lat' dir='ltr'><strong>fragilem-</strong></span> 
     </span>
     <span class='ocr_line' id='line_1_10' title="bbox 725 1504 2910 1613; baseline -0.001 -29"><span class='ocrx_word' id='word_1_59' title='bbox 725 1535 880 1613; x_wconf 84' lang='lat' dir='ltr'><strong>que</strong></span> <span class='ocrx_word' id='word_1_60' title='bbox 946 1509 1328 1584; x_wconf 89' lang='lat' dir='ltr'><strong>humanae</strong></span> <span class='ocrx_word' id='word_1_61' title='bbox 1394 1504 1951 1609; x_wconf 82' lang='lat' dir='ltr'><strong>magnitudinis</strong></span> <span class='ocrx_word' id='word_1_62' title='bbox 2014 1506 2573 1584; x_wconf 82' lang='lat' dir='ltr'><strong>conditionem!</strong></span> <span class='ocrx_word' id='word_1_63' title='bbox 2674 1509 2910 1583; x_wconf 87' lang='lat' dir='ltr'><strong>Hunc</strong></span> 
     </span>
     <span class='ocr_line' id='line_1_11' title="bbox 729 1629 2913 1733; baseline -0 -27"><span class='ocrx_word' id='word_1_64' title='bbox 729 1633 958 1707; x_wconf 82' lang='lat' dir='ltr'><strong>talem</strong></span> <span class='ocrx_word' id='word_1_65' title='bbox 1030 1633 1323 1724; x_wconf 86' lang='lat' dir='ltr'><strong>virum,</strong></span> <span class='ocrx_word' id='word_1_66' title='bbox 1402 1632 1484 1705; x_wconf 92' lang='lat' dir='ltr'><strong>in</strong></span> <span class='ocrx_word' id='word_1_67' title='bbox 1551 1654 1711 1731; x_wconf 89' lang='lat' dir='ltr'><strong>quo</strong></span> <span class='ocrx_word' id='word_1_68' title='bbox 1789 1644 2000 1705; x_wconf 80' lang='lat' dir='ltr'><strong>tanta</strong></span> <span class='ocrx_word' id='word_1_69' title='bbox 2069 1650 2253 1707; x_wconf 88' lang='lat' dir='ltr'><strong>esset</strong></span> <span class='ocrx_word' id='word_1_70' title='bbox 2323 1629 2612 1733; x_wconf 92' lang='lat' dir='ltr'><strong>ingenii</strong></span> <span class='ocrx_word' id='word_1_71' title='bbox 2664 1629 2773 1706; x_wconf 87' lang='lat' dir='ltr'><strong>vis</strong></span> <span class='ocrx_word' id='word_1_72' title='bbox 2822 1658 2913 1705; x_wconf 89' lang='lat' dir='ltr'><strong>ac</strong></span> 
     </span>
     <span class='ocr_line' id='line_1_12' title="bbox 726 1751 2907 1862; baseline 0 -32"><span class='ocrx_word' id='word_1_73' title='bbox 726 1753 1266 1862; x_wconf 85' lang='lat' dir='ltr'><strong>pulchritud0‚</strong></span> <span class='ocrx_word' id='word_1_74' title='bbox 1341 1772 1598 1830; x_wconf 89' lang='lat' dir='ltr'><strong>tantus</strong></span> <span class='ocrx_word' id='word_1_75' title='bbox 1649 1753 1732 1828; x_wconf 93' lang='lat' dir='ltr'><strong>in</strong></span> <span class='ocrx_word' id='word_1_76' title='bbox 1810 1753 2201 1843; x_wconf 89' lang='lat' dir='ltr'><strong>omnibus,</strong></span> <span class='ocrx_word' id='word_1_77' title='bbox 2265 1778 2465 1857; x_wconf 88' lang='lat' dir='ltr'><strong>quae</strong></span> <span class='ocrx_word' id='word_1_78' title='bbox 2515 1751 2907 1858; x_wconf 86' lang='lat' dir='ltr'><strong>proderet,</strong></span> 
     </span>
     <span class='ocr_line' id='line_1_13' title="bbox 729 1879 2911 1985; baseline -0 -28"><span class='ocrx_word' id='word_1_79' title='bbox 729 1907 1128 1985; x_wconf 84' lang='lat' dir='ltr'><strong>generosae</strong></span> <span class='ocrx_word' id='word_1_80' title='bbox 1176 1899 1252 1955; x_wconf 92' lang='lat' dir='ltr'><strong>et</strong></span> <span class='ocrx_word' id='word_1_81' title='bbox 1302 1881 1631 1955; x_wconf 82' lang='lat' dir='ltr'><strong>excelsae</strong></span> <span class='ocrx_word' id='word_1_82' title='bbox 1683 1880 1960 1955; x_wconf 91' lang='lat' dir='ltr'><strong>mentis</strong></span> <span class='ocrx_word' id='word_1_83' title='bbox 2001 1881 2251 1980; x_wconf 84' lang='lat' dir='ltr'><strong>vigor,</strong></span> <span class='ocrx_word' id='word_1_84' title='bbox 2310 1897 2520 1954; x_wconf 90' lang='lat' dir='ltr'><strong>tanta</strong></span> <span class='ocrx_word' id='word_1_85' title='bbox 2547 1879 2911 1984; x_wconf 74' lang='lat' dir='ltr'><strong>amplitu-</strong></span> 
     </span>
     <span class='ocr_line' id='line_1_14' title="bbox 686 2000 2910 2105; baseline -0.001 -26"><span class='ocrx_word' id='word_1_86' title='bbox 686 2004 829 2081; x_wconf 76' lang='lat' dir='ltr'><strong>&#39;do</strong></span> <span class='ocrx_word' id='word_1_87' title='bbox 881 2004 1308 2093; x_wconf 85' lang='lat' dir='ltr'><strong>doctrinae,</strong></span> <span class='ocrx_word' id='word_1_88' title='bbox 1366 2003 1762 2105; x_wconf 83' lang='lat' dir='ltr'><strong>integritas</strong></span> <span class='ocrx_word' id='word_1_89' title='bbox 1807 2003 2051 2077; x_wconf 90' lang='lat' dir='ltr'><strong>animi</strong></span> <span class='ocrx_word' id='word_1_90' title='bbox 2102 2020 2179 2077; x_wconf 90' lang='lat' dir='ltr'><strong>et</strong></span> <span class='ocrx_word' id='word_1_91' title='bbox 2226 2000 2548 2089; x_wconf 84' lang='lat' dir='ltr'><strong>candor,</strong></span> <span class='ocrx_word' id='word_1_92' title='bbox 2604 2029 2910 2077; x_wconf 90' lang='lat' dir='ltr'><strong>morum</strong></span> 
     </span>
     <span class='ocr_line' id='line_1_15' title="bbox 735 2121 2909 2229; baseline 0 -29"><span class='ocrx_word' id='word_1_93' title='bbox 735 2124 1073 2228; x_wconf 89' lang='lat' dir='ltr'><strong>denique</strong></span> <span class='ocrx_word' id='word_1_94' title='bbox 1133 2125 1501 2229; x_wconf 73' lang='lat' dir='ltr'><strong>suavitas,</strong></span> <span class='ocrx_word' id='word_1_95' title='bbox 1555 2151 1711 2227; x_wconf 87' lang='lat' dir='ltr'><strong>qua</strong></span> <span class='ocrx_word' id='word_1_96' title='bbox 1764 2121 2115 2199; x_wconf 90' lang='lat' dir='ltr'><strong>omnium</strong></span> <span class='ocrx_word' id='word_1_97' title='bbox 2163 2125 2591 2200; x_wconf 82' lang='lat' dir='ltr'><strong>voluntates</strong></span> <span class='ocrx_word' id='word_1_98' title='bbox 2637 2125 2909 2200; x_wconf 91' lang='lat' dir='ltr'><strong>allice-</strong></span> 
     </span>
     <span class='ocr_line' id='line_1_16' title="bbox 624 2247 2907 2359; baseline 0 -35"><span class='ocrx_word' id='word_1_99' title='bbox 624 2336 634 2351; x_wconf 44' lang='lat'>,</span> <span class='ocrx_word' id='word_1_100' title='bbox 730 2265 852 2324; x_wconf 89' lang='lat' dir='ltr'><strong>ret</strong></span> <span class='ocrx_word' id='word_1_101' title='bbox 880 2267 957 2323; x_wconf 89' lang='lat' dir='ltr'><strong>et</strong></span> <span class='ocrx_word' id='word_1_102' title='bbox 987 2248 1072 2323; x_wconf 92' lang='lat' dir='ltr'><strong>in</strong></span> <span class='ocrx_word' id='word_1_103' title='bbox 1108 2248 1619 2359; x_wconf 34' lang='lat' dir='ltr'><strong>maiorem&#39;sui</strong></span> <span class='ocrx_word' id='word_1_104' title='bbox 1659 2247 2248 2325; x_wconf 90' lang='lat' dir='ltr'><strong>admirationem</strong></span> <span class='ocrx_word' id='word_1_105' title='bbox 2284 2267 2621 2354; x_wconf 85' lang='lat' dir='ltr'><strong>raperet,</strong></span> <span class='ocrx_word' id='word_1_106' title='bbox 2656 2248 2907 2340; x_wconf 89' lang='lat' dir='ltr'><strong>hunc,</strong></span> 
     </span>
     <span class='ocr_line' id='line_1_17' title="bbox 617 2370 2911 2477; baseline 0.002 -30"><span class='ocrx_word' id='word_1_107' title='bbox 617 2467 620 2470; x_wconf 5' lang='grc' dir='ltr'>ἱ</span> <span class='ocrx_word' id='word_1_108' title='bbox 728 2373 1084 2476; x_wconf 89' lang='lat' dir='ltr'><strong>inquam,</strong></span> <span class='ocrx_word' id='word_1_109' title='bbox 1136 2370 1401 2447; x_wconf 89' lang='lat' dir='ltr'><strong>eodem</strong></span> <span class='ocrx_word' id='word_1_110' title='bbox 1432 2399 1607 2447; x_wconf 85' lang='lat' dir='ltr'><strong>mox</strong></span> <span class='ocrx_word' id='word_1_111' title='bbox 1639 2372 1795 2447; x_wconf 88' lang='lat' dir='ltr'><strong>fato</strong></span> <span class='ocrx_word' id='word_1_112' title='bbox 1848 2397 2290 2477; x_wconf 88' lang='lat' dir='ltr'><strong>oppressum</strong></span> <span class='ocrx_word' id='word_1_113' title='bbox 2327 2397 2515 2462; x_wconf 87' lang='lat' dir='ltr'><strong>esse,</strong></span> <span class='ocrx_word' id='word_1_114' title='bbox 2564 2389 2678 2464; x_wconf 86' lang='lat' dir='ltr'><strong>et,</strong></span> <span class='ocrx_word' id='word_1_115' title='bbox 2730 2400 2911 2452; x_wconf 88' lang='lat' dir='ltr'><strong>cum</strong></span> 
     </span>
     <span class='ocr_line' id='line_1_18' title="bbox 728 2493 2914 2599; baseline -0.001 -26"><span class='ocrx_word' id='word_1_116' title='bbox 728 2522 829 2574; x_wconf 86' lang='lat' dir='ltr'><strong>ne</strong></span> <span class='ocrx_word' id='word_1_117' title='bbox 877 2522 1173 2572; x_wconf 91' lang='lat' dir='ltr'><strong>summa</strong></span> <span class='ocrx_word' id='word_1_118' title='bbox 1226 2494 1544 2599; x_wconf 88' lang='lat' dir='ltr'><strong>quidem</strong></span> <span class='ocrx_word' id='word_1_119' title='bbox 1583 2513 1970 2572; x_wconf 85' lang='lat' dir='ltr'><strong>senectute</strong></span> <span class='ocrx_word' id='word_1_120' title='bbox 1994 2493 2435 2569; x_wconf 85' lang='lat' dir='ltr'><strong>decessurus</strong></span> <span class='ocrx_word' id='word_1_121' title='bbox 2476 2494 2638 2571; x_wconf 85' lang='lat' dir='ltr'><strong>sine</strong></span> <span class='ocrx_word' id='word_1_122' title='bbox 2676 2493 2914 2570; x_wconf 87' lang='lat' dir='ltr'><strong>bono-</strong></span> 
     </span>
     <span class='ocr_line' id='line_1_19' title="bbox 731 2618 2913 2724; baseline -0 -28"><span class='ocrx_word' id='word_1_123' title='bbox 731 2649 912 2696; x_wconf 83' lang='lat' dir='ltr'><strong>rum</strong></span> <span class='ocrx_word' id='word_1_124' title='bbox 962 2620 1453 2723; x_wconf 85' lang='lat' dir='ltr'><strong>querimonia</strong></span> <span class='ocrx_word' id='word_1_125' title='bbox 1499 2619 1797 2705; x_wconf 86' lang='lat' dir='ltr'><strong>fuisset,</strong></span> <span class='ocrx_word' id='word_1_126' title='bbox 1871 2645 2314 2724; x_wconf 87' lang='lat' dir='ltr'><strong>oppressum</strong></span> <span class='ocrx_word' id='word_1_127' title='bbox 2380 2644 2529 2693; x_wconf 88' lang='lat' dir='ltr'><strong>esse</strong></span> <span class='ocrx_word' id='word_1_128' title='bbox 2590 2618 2675 2693; x_wconf 91' lang='lat' dir='ltr'><strong>in</strong></span> <span class='ocrx_word' id='word_1_129' title='bbox 2750 2619 2913 2724; x_wconf 86' lang='lat' dir='ltr'><strong>ipso</strong></span> 
     </span>
     <span class='ocr_line' id='line_1_20' title="bbox 719 2740 2914 2846; baseline 0 -29"><span class='ocrx_word' id='word_1_130' title='bbox 719 2740 1075 2846; x_wconf 62' lang='lat' dir='ltr'><strong>&#39;integrae</strong></span> <span class='ocrx_word' id='word_1_131' title='bbox 1145 2743 1408 2817; x_wconf 89' lang='lat' dir='ltr'><strong>aetatis</strong></span> <span class='ocrx_word' id='word_1_132' title='bbox 1471 2768 1744 2831; x_wconf 90' lang='lat' dir='ltr'><strong>cursu,</strong></span> <span class='ocrx_word' id='word_1_133' title='bbox 1826 2742 2235 2818; x_wconf 89' lang='lat' dir='ltr'><strong>florentem</strong></span> <span class='ocrx_word' id='word_1_134' title='bbox 2300 2740 2558 2816; x_wconf 88' lang='lat' dir='ltr'><strong>adhuc</strong></span> <span class='ocrx_word' id='word_1_135' title='bbox 2621 2740 2914 2817; x_wconf 84' lang='lat' dir='ltr'><strong>viribus</strong></span> 
     </span>
     <span class='ocr_line' id='line_1_21' title="bbox 733 2864 2915 2971; baseline -0.002 -27"><span class='ocrx_word' id='word_1_136' title='bbox 733 2866 982 2970; x_wconf 87' lang='lat' dir='ltr'><strong>deque</strong></span> <span class='ocrx_word' id='word_1_137' title='bbox 1031 2866 1306 2943; x_wconf 87' lang='lat' dir='ltr'><strong>litteris</strong></span> <span class='ocrx_word' id='word_1_138' title='bbox 1351 2867 1737 2970; x_wconf 88' lang='lat' dir='ltr'><strong>praeclare</strong></span> <span class='ocrx_word' id='word_1_139' title='bbox 1769 2864 2116 2942; x_wconf 86' lang='lat' dir='ltr'><strong>merendi</strong></span> <span class='ocrx_word' id='word_1_140' title='bbox 2165 2865 2419 2942; x_wconf 85' lang='lat' dir='ltr'><strong>studio</strong></span> <span class='ocrx_word' id='word_1_141' title='bbox 2455 2883 2915 2971; x_wconf 89' lang='lat' dir='ltr'><strong>occupatum</strong></span> 
     </span>
     <span class='ocr_line' id='line_1_22' title="bbox 732 2989 2917 3095; baseline -0 -30"><span class='ocrx_word' id='word_1_142' title='bbox 732 2989 1181 3066; x_wconf 83' lang='lat' dir='ltr'><strong>felicissimo.</strong></span> <span class='ocrx_word' id='word_1_143' title='bbox 1284 2992 1757 3094; x_wconf 86' lang='lat' dir='ltr'><strong>Quanquam</strong></span> <span class='ocrx_word' id='word_1_144' title='bbox 1807 2989 2005 3094; x_wconf 88' lang='lat' dir='ltr'><strong>quid</strong></span> <span class='ocrx_word' id='word_1_145' title='bbox 2056 3017 2190 3095; x_wconf 90' lang='lat' dir='ltr'><strong>ego</strong></span> <span class='ocrx_word' id='word_1_146' title='bbox 2240 3009 2566 3066; x_wconf 89' lang='lat' dir='ltr'><strong>mortem</strong></span> <span class='ocrx_word' id='word_1_147' title='bbox 2630 3014 2917 3093; x_wconf 89' lang='lat' dir='ltr'><strong>queror</strong></span> 
     </span>
     <span class='ocr_line' id='line_1_23' title="bbox 736 3113 2921 3219; baseline -0.001 -30"><span class='ocrx_word' id='word_1_148' title='bbox 736 3114 1272 3190; x_wconf 75' lang='lat' dir='ltr'><strong>immaturam?</strong></span> <span class='ocrx_word' id='word_1_149' title='bbox 1323 3115 1405 3190; x_wconf 89' lang='lat' dir='ltr'><strong>in</strong></span> <span class='ocrx_word' id='word_1_150' title='bbox 1440 3140 1595 3218; x_wconf 90' lang='lat' dir='ltr'><strong>qua</strong></span> <span class='ocrx_word' id='word_1_151' title='bbox 1636 3114 2030 3219; x_wconf 87' lang='lat' dir='ltr'><strong>quidquid</strong></span> <span class='ocrx_word' id='word_1_152' title='bbox 2073 3115 2508 3191; x_wconf 87' lang='lat' dir='ltr'><strong>acerbitatis</strong></span> <span class='ocrx_word' id='word_1_153' title='bbox 2554 3131 2632 3188; x_wconf 92' lang='lat' dir='ltr'><strong>et</strong></span> <span class='ocrx_word' id='word_1_154' title='bbox 2680 3113 2921 3187; x_wconf 88' lang='lat' dir='ltr'><strong>iactu-</strong></span> 
     </span>
     <span class='ocr_line' id='line_1_24' title="bbox 733 3235 2915 3338; baseline -0.001 -25"><span class='ocrx_word' id='word_1_155' title='bbox 733 3263 866 3313; x_wconf 80' lang='lat' dir='ltr'><strong>rae</strong></span> <span class='ocrx_word' id='word_1_156' title='bbox 899 3239 1127 3329; x_wconf 88' lang='lat' dir='ltr'><strong>inest,</strong></span> <span class='ocrx_word' id='word_1_157' title='bbox 1167 3266 1327 3315; x_wconf 87' lang='lat' dir='ltr'><strong>non</strong></span> <span class='ocrx_word' id='word_1_158' title='bbox 1364 3237 1462 3313; x_wconf 91' lang='lat' dir='ltr'><strong>ad</strong></span> <span class='ocrx_word' id='word_1_159' title='bbox 1495 3240 1561 3313; x_wconf 85' lang='lat' dir='ltr'>N</span> <span class='ocrx_word' id='word_1_160' title='bbox 1568 3239 2054 3329; x_wconf 87' lang='lat' dir='ltr'><strong>iebuhrium,</strong></span> <span class='ocrx_word' id='word_1_161' title='bbox 2083 3237 2211 3314; x_wconf 87' lang='lat' dir='ltr'><strong>scd</strong></span> <span class='ocrx_word' id='word_1_162' title='bbox 2246 3236 2341 3310; x_wconf 88' lang='lat' dir='ltr'><strong>ad</strong></span> <span class='ocrx_word' id='word_1_163' title='bbox 2380 3262 2516 3311; x_wconf 93' lang='lat' dir='ltr'><strong>nos</strong></span> <span class='ocrx_word' id='word_1_164' title='bbox 2544 3235 2915 3338; x_wconf 87' lang='lat' dir='ltr'><strong>pertinet,</strong></span> 
     </span>
     <span class='ocr_line' id='line_1_25' title="bbox 737 3351 2919 3464; baseline -0.001 -29"><span class='ocrx_word' id='word_1_165' title='bbox 737 3351 1023 3464; x_wconf 90' lang='lat' dir='ltr'><strong>quibus</strong></span> <span class='ocrx_word' id='word_1_166' title='bbox 1073 3372 1159 3436; x_wconf 89' lang='lat' dir='ltr'><strong>eo</strong></span> <span class='ocrx_word' id='word_1_167' title='bbox 1197 3386 1354 3436; x_wconf 86' lang='lat' dir='ltr'><strong>non</strong></span> <span class='ocrx_word' id='word_1_168' title='bbox 1395 3360 1731 3463; x_wconf 90' lang='lat' dir='ltr'><strong>amplius</strong></span> <span class='ocrx_word' id='word_1_169' title='bbox 1765 3361 1920 3436; x_wconf 88' lang='lat' dir='ltr'><strong>frui</strong></span> <span class='ocrx_word' id='word_1_170' title='bbox 1960 3359 2157 3435; x_wconf 86' lang='lat' dir='ltr'><strong>licet.</strong></span> <span class='ocrx_word' id='word_1_171' title='bbox 2259 3359 2401 3432; x_wconf 91' lang='lat' dir='ltr'><strong>Ille</strong></span> <span class='ocrx_word' id='word_1_172' title='bbox 2452 3359 2678 3445; x_wconf 82' lang='lat' dir='ltr'><strong>satis,</strong></span> <span class='ocrx_word' id='word_1_173' title='bbox 2728 3356 2919 3433; x_wconf 89' lang='lat' dir='ltr'><strong>dum</strong></span> 
     </span>
     <span class='ocr_line' id='line_1_26' title="bbox 736 3480 2920 3597; baseline -0.002 -38"><span class='ocrx_word' id='word_1_174' title='bbox 736 3486 1063 3572; x_wconf 80' lang='lat' dir='ltr'><strong>viveret,</strong></span> <span class='ocrx_word' id='word_1_175' title='bbox 1118 3484 1452 3559; x_wconf 88' lang='lat' dir='ltr'><strong>nominis</strong></span> <span class='ocrx_word' id='word_1_176' title='bbox 1481 3481 2024 3559; x_wconf 81' lang='lat' dir='ltr'><strong>existimationi</strong></span> <span class='ocrx_word' id='word_1_177' title='bbox 2072 3482 2460 3597; x_wconf 87' lang='lat' dir='ltr'><strong>consuluit</strong></span> <span class='ocrx_word' id='word_1_178' title='bbox 2509 3499 2587 3556; x_wconf 92' lang='lat' dir='ltr'><strong>et</strong></span> <span class='ocrx_word' id='word_1_179' title='bbox 2633 3480 2920 3557; x_wconf 84' lang='lat' dir='ltr'><strong>virtute</strong></span> 
     </span>
     <span class='ocr_line' id='line_1_27' title="bbox 738 3588 2919 3710; baseline -0.002 -27"><span class='ocrx_word' id='word_1_180' title='bbox 738 3588 998 3687; x_wconf 85' lang='lat' dir='ltr'><strong>effecit</strong></span> <span class='ocrx_word' id='word_1_181' title='bbox 1042 3636 1211 3697; x_wconf 89' lang='lat' dir='ltr'><strong>sua,</strong></span> <span class='ocrx_word' id='word_1_182' title='bbox 1282 3625 1372 3682; x_wconf 88' lang='lat' dir='ltr'><strong>ut</strong></span> <span class='ocrx_word' id='word_1_183' title='bbox 1423 3635 1578 3683; x_wconf 91' lang='lat' dir='ltr'><strong>non</strong></span> <span class='ocrx_word' id='word_1_184' title='bbox 1631 3633 2019 3683; x_wconf 89' lang='lat' dir='ltr'><strong>annorum</strong></span> <span class='ocrx_word' id='word_1_185' title='bbox 2072 3632 2429 3698; x_wconf 90' lang='lat' dir='ltr'><strong>numero,</strong></span> <span class='ocrx_word' id='word_1_186' title='bbox 2485 3632 2626 3681; x_wconf 92' lang='lat' dir='ltr'><strong>nec</strong></span> <span class='ocrx_word' id='word_1_187' title='bbox 2674 3606 2919 3710; x_wconf 86' lang='lat' dir='ltr'><strong>spatio</strong></span> 
     </span>
     <span class='ocr_line' id='line_1_28' title="bbox 741 3730 2922 3820; baseline -0 -13"><span class='ocrx_word' id='word_1_188' title='bbox 741 3733 1006 3809; x_wconf 88' lang='lat' dir='ltr'><strong>aetatis</strong></span> <span class='ocrx_word' id='word_1_189' title='bbox 1051 3735 1205 3809; x_wconf 83' lang='lat' dir='ltr'><strong>vita</strong></span> <span class='ocrx_word' id='word_1_190' title='bbox 1267 3733 1428 3808; x_wconf 86' lang='lat' dir='ltr'><strong>eius</strong></span> <span class='ocrx_word' id='word_1_191' title='bbox 1489 3750 1931 3820; x_wconf 86' lang='lat' dir='ltr'><strong>censeatur,</strong></span> <span class='ocrx_word' id='word_1_192' title='bbox 1985 3730 2116 3805; x_wconf 84' lang='lat' dir='ltr'><strong>sed</strong></span> <span class='ocrx_word' id='word_1_193' title='bbox 2178 3730 2380 3806; x_wconf 85' lang='lat' dir='ltr'><strong>fama</strong></span> <span class='ocrx_word' id='word_1_194' title='bbox 2462 3752 2541 3807; x_wconf 92' lang='lat' dir='ltr'><strong>et</strong></span> <span class='ocrx_word' id='word_1_195' title='bbox 2612 3730 2922 3807; x_wconf 87' lang='lat' dir='ltr'><strong>merito-</strong></span> 
     </span>
     <span class='ocr_line' id='line_1_29' title="bbox 744 3856 2921 3963; baseline -0.001 -31"><span class='ocrx_word' id='word_1_196' title='bbox 744 3882 923 3932; x_wconf 85' lang='lat' dir='ltr'><strong>rum</strong></span> <span class='ocrx_word' id='word_1_197' title='bbox 975 3856 1202 3933; x_wconf 87' lang='lat' dir='ltr'><strong>laude</strong></span> <span class='ocrx_word' id='word_1_198' title='bbox 1267 3885 1356 3934; x_wconf 86' lang='lat' dir='ltr'><strong>ac</strong></span> <span class='ocrx_word' id='word_1_199' title='bbox 1406 3875 1614 3961; x_wconf 84' lang='lat' dir='ltr'><strong>grata</strong></span> <span class='ocrx_word' id='word_1_200' title='bbox 1667 3856 1952 3963; x_wconf 89' lang='lat' dir='ltr'><strong>piaque</strong></span> <span class='ocrx_word' id='word_1_201' title='bbox 2010 3856 2376 3933; x_wconf 90' lang='lat' dir='ltr'><strong>memoria</strong></span> <span class='ocrx_word' id='word_1_202' title='bbox 2398 3912 2417 3946; x_wconf 92' lang='lat'><strong>,</strong></span> <span class='ocrx_word' id='word_1_203' title='bbox 2461 3882 2660 3960; x_wconf 90' lang='lat' dir='ltr'><strong>quae</strong></span> <span class='ocrx_word' id='word_1_204' title='bbox 2736 3873 2921 3931; x_wconf 92' lang='lat' dir='ltr'><strong>tam·</strong></span> 
     </span>
     <span class='ocr_line' id='line_1_30' title="bbox 745 3965 2926 4082; baseline -0.002 -26"><span class='ocrx_word' id='word_1_205' title='bbox 745 3981 885 4057; x_wconf 84' lang='lat' dir='ltr'><strong>diu</strong></span> <span class='ocrx_word' id='word_1_206' title='bbox 939 3982 1172 4059; x_wconf 82' lang='lat' dir='ltr'><strong>infixa</strong></span> <span class='ocrx_word' id='word_1_207' title='bbox 1240 3965 1592 4060; x_wconf 73' lang='lat' dir='ltr'><strong>haerebit</strong></span> <span class='ocrx_word' id='word_1_208' title='bbox 1659 3984 1743 4059; x_wconf 91' lang='lat' dir='ltr'><strong>in</strong></span> <span class='ocrx_word' id='word_1_209' title='bbox 1803 3983 2079 4059; x_wconf 85' lang='lat' dir='ltr'><strong>animis</strong></span> <span class='ocrx_word' id='word_1_210' title='bbox 2138 3981 2589 4071; x_wconf 88' lang='lat' dir='ltr'><strong>hominum,</strong></span> <span class='ocrx_word' id='word_1_211' title='bbox 2656 4005 2926 4082; x_wconf 86' lang='lat' dir='ltr'><strong>quam-</strong></span> 
     </span>
     <span class='ocr_line' id='line_1_31' title="bbox 747 4104 2922 4213; baseline -0 -34"><span class='ocrx_word' id='word_1_212' title='bbox 747 4105 886 4181; x_wconf 88' lang='lat' dir='ltr'><strong>diu</strong></span> <span class='ocrx_word' id='word_1_213' title='bbox 931 4106 1206 4184; x_wconf 87' lang='lat' dir='ltr'><strong>litteris</strong></span> <span class='ocrx_word' id='word_1_214' title='bbox 1254 4108 1432 4213; x_wconf 89' lang='lat' dir='ltr'><strong>ipsis</strong></span> <span class='ocrx_word' id='word_1_215' title='bbox 1469 4126 1544 4183; x_wconf 89' lang='lat' dir='ltr'><strong>et</strong></span> <span class='ocrx_word' id='word_1_216' title='bbox 1573 4106 1834 4211; x_wconf 89' lang='lat' dir='ltr'><strong>honor</strong></span> <span class='ocrx_word' id='word_1_217' title='bbox 1866 4127 1943 4183; x_wconf 92' lang='lat' dir='ltr'><strong>et</strong></span> <span class='ocrx_word' id='word_1_218' title='bbox 1988 4134 2272 4184; x_wconf 90' lang='lat' dir='ltr'><strong>nomen</strong></span> <span class='ocrx_word' id='word_1_219' title='bbox 2324 4104 2719 4182; x_wconf 85' lang='lat' dir='ltr'><strong>constabit.</strong></span> <span class='ocrx_word' id='word_1_220' title='bbox 2820 4107 2922 4178; x_wconf 87' lang='lat' dir='ltr'><strong>At</strong></span> 
     </span>
    </p>
   </div>
   <div class='ocr_carea' id='block_1_5' title="bbox 747 4224 3028 4334">
    <p class='ocr_par' dir='ltr' id='par_1_5' title="bbox 747 4224 3028 4334">
     <span class='ocr_line' id='line_1_32' title="bbox 747 4224 3028 4334; baseline -0.002 -28"><span class='ocrx_word' id='word_1_221' title='bbox 747 4231 988 4307; x_wconf 87' lang='lat' dir='ltr'><strong>sentio</strong></span> <span class='ocrx_word' id='word_1_222' title='bbox 1067 4257 1187 4310; x_wconf 89' lang='lat' dir='ltr'><strong>me</strong></span> <span class='ocrx_word' id='word_1_223' title='bbox 1259 4231 1556 4334; x_wconf 87' lang='lat' dir='ltr'><strong>impetu</strong></span> <span class='ocrx_word' id='word_1_224' title='bbox 1613 4228 1954 4333; x_wconf 88' lang='lat' dir='ltr'><strong>quodam</strong></span> <span class='ocrx_word' id='word_1_225' title='bbox 2019 4227 2332 4334; x_wconf 77' lang='lat' dir='ltr'><strong>doloris,</strong></span> <span class='ocrx_word' id='word_1_226' title='bbox 2388 4228 2608 4307; x_wconf 88' lang='lat' dir='ltr'><strong>cuius</strong></span> <span class='ocrx_word' id='word_1_227' title='bbox 2671 4243 2779 4304; x_wconf 85' lang='lat' dir='ltr'><strong>est</strong></span> <span class='ocrx_word' id='word_1_228' title='bbox 2838 4224 2926 4301; x_wconf 87' lang='lat' dir='ltr'><strong>in</strong></span> <span class='ocrx_word' id='word_1_229' title='bbox 3012 4309 3028 4316; x_wconf 24' lang='lat' dir='ltr'>Q</span> 
     </span>
    </p>
   </div>
  </div>
 </body>
</html>
