3263 5161
849 270 1421 340 msa-omnum
1479 273 1593 335 ιιι.
1629 273 1741 348 91⁸.
2201 242 2365 358 575

196 425 238 490 ὅ
278 420 722 509 Παλαιολόγος
759 421 1212 510 ἐδυσχέραινεν
1254 414 1460 488 ἄλλων
1488 425 1990 507 προτιμωμένων
2014 470 2035 505 ,
2079 412 2173 487 ὧν
2211 413 2368 511 ᾤετο
2386 434 2511 494 ΔΩ.
2536 440 2673 512 ι346

194 523 395 603 αύτός
437 524 678 602 δίκαιος
718 518 880 592 εἶναι
920 523 1288 610 ὑπερέχειν,
1347 525 1462 588 καί
1498 522 1757 587 α’ντεῖπε
1797 523 2093 607 φανερῶς
2132 517 2443 586 πάντωνῠ

194 626 644 713 ἠθροισμένων
685 626 757 691 ἐν
791 626 873 713 τῇ
917 623 1314 692 Ἀποκαύκου
1359 624 1524 711 οἰκίρι
1547 648 1568 668 ·
1605 624 1719 687 καί
1757 623 2174 705 διχοστασίας
2211 643 2386 704 γενο-

188 725 387 811 μένης
406 773 427 809 ,
473 724 870 800 ἀσυντάκτως
910 720 1238 808 ἆνεχοόρει.
1283 724 1512 787 ἐκεῖνοι
1553 724 1625 789 δὲ
1666 720 2159 807 ύπολειφθέντες
2177 769 2197 802 ,
2237 723 2385 786 ἐθο-

146 824 439 913 5ρύβουν
496 824 695 907 μόνον
761 824 875 890 καί
932 825 1059 890 τῶν
1099 821 1367 888 δεόντων
1406 816 1593 887 ου’δὲν
1618 820 1878 887 ἐποίουν
1907 843 1926 864 ·
1971 820 2188 899 δείσας
2231 824 2301 885 δὲ
2342 812 2383 885 ὅ

184 922 637 1009 Παλαιολόγος
698 921 792 1009 μὴ
864 919 973 987 ὑπ’
1010 925 1268 988 ἐκείνων
1349 923 1832 1008 διαφερομένων
1901 918 2385 1006 παραπόληται,

183 1020 424 1094 αύτίκα
463 1023 579 1111 τὴν
614 1023 778 1112 πρὸς
820 1021 1162 1089 θάλασσαν
1197 1024 1402 1106 πύλην
1424 1070 1447 1104 ,
1511 1015 1725 1107 ὥσπερ
1770 1017 1911 1086 τινά
1953 1016 2384 1103 κατελάμβανε

183 1120 518 1214 φυλακήν*
559 1126 710 1211 περί
727 1119 809 1209 ἣν
840 1124 1083 1188 οἰκοῦσι
1110 1125 1238 1187 πᾶν
1279 1120 1351 1186 τὸ
1388 1118 1709 1202 ναυτικόν,
1747 1117 1809 1185 οἱ
1846 1123 2138 1186 πλεῖστοί
2165 1145 2235 1184 τε
2274 1112 2384 1186 ὅν..

180 1248 286 1302 τες
323 1224 437 1289 καί
469 1222 629 1312 πρὸς
668 1221 907 1311 φόνους
947 1222 1277 1309 εύχερεῖς,
1307 1214 1514 1297 ἄλλως
1536 1244 1605 1286 τε
1646 1222 1759 1285 καί
1794 1220 2180 1303 ὠπλισμένοι
2218 1218 2576 1314 πάν-ν,54ο

105 1342 322 1410 Ιοτες,
365 1320 583 1411 ὥσπερ
628 1320 701 1389 τό
744 1318 1085 1409 κράτιστόν
1123 1323 1248 1388 εἰσι
1287 1324 1404 1388 τοῦ
1439 1322 1645 1406 δήμου
1667 1368 1689 1405 ,
1731 1321 1844 1386 καί
1870 1320 2102 1403 σχεδὸν
2135 1318 2205 1386 ἔν
2240 1330 2381 1400 ταῖς
2397 1342 2594 1415 ιζσῃ·

184 1423 454 1492 στάσεσι
492 1422 734 1499 πάσαις
764 1417 954 1488 αύτοι*
995 1425 1110 1488 τοῦ
1151 1417 1376 1496 παντὸς
1415 1420 1705 1506 πλήθους
1730 1423 2091 1505 ἐξηγοῦνται
2131 1418 2381 1502 προθύ-

180 1547 324 1609 μως
367 1512 719 1606 ἑπομένου,
763 1514 807 1611 ᾖ
848 1515 931 1587 ἂν
969 1514 1209 1605 ἄγωσιν
1250 1522 1469 1586 αύτοί·
1555 1517 1781 1603 ἔχουσι
1826 1522 1898 1586 δὲ
1942 1519 2052 1584 καί
2092 1517 2380 1597 ἰδιάζου-

182 1648 309 1692 σαν
376 1622 589 1710 οἶρχῆν
634 1620 825 1688 αύτοί
860 1620 1038 1704 παρὰ
1078 1620 1197 1706 τὴν
1241 1623 1355 1706 τῆς
1396 1613 1591 1705 ἄλλης
1652 1617 1891 1694 πόλεως
1917 1645 1933 1660 ·
2002 1610 2094 1685 ὧν
2143 1621 2380 1696 ἐκεῖνος

184 1719 330 1789 τότε
367 1716 576 1808 ἦρχε.
639 1723 748 1788 διά
790 1745 861 1787 τε
903 1712 1016 1787 οὖν
1072 1718 1146 1786 τὸ
1209 1712 1435 1806 ἄρχειν
1494 1716 1609 1783 καί
1667 1717 1781 1803 τὴν
1840 1711 2038 1803 ἄλλην
2091 1710 2379 1801 εὔνοιαν,

95 1822 269 1910 ιὸἣν
305 1817 481 1906 εἶχον
535 1819 693 1909 πρὸς
735 1816 972 1903 αύτὸν,
1030 1818 1386 1906 προθύμως
1440 1814 1604 1905 ὑπὲρ
1647 1819 1892 1884 ἐκείνου
1942 1816 2379 1900 ἀνελάμβανον

182 1922 269 1990 τὰ
330 1919 500 1987 ὅπλα
571 1920 685 1986 καί
753 1920 1122 2001 οἷμύνεσθαι
1187 1911 1354 2003 ἦσαν
1415 1920 1663 2000 ἕτοιμοι
1724 1919 1921 1983 παντί
1968 1920 2057 2005 τῷ
2114 1914 2381 1984 ἐπιόντι.

183 2023 510 2097 Κωκαλᾶς
554 2022 628 2086 δὲ
668 2021 804 2086 οὔδ’
831 2014 1031 2095 αύτός
1065 2023 1187 2101 μὲν
1214 2019 1563 2101 ἡσυχάζειν
1602 2018 1934 2100 ἐγίνωσκεν
1972 2018 2042 2082 ἐν
2079 2025 2209 2093 τοῖς
2251 2042 2378 2081 πα-

183 2122 446 2208 ροῦσιν,
489 2119 659 2186 α’λλιὶ
702 2122 854 2205 περὶ
890 2121 1006 2203 τῆς
1046 2119 1253 2201 ἀρχῆς
1292 2116 1709 2198 ἐπεβούλευεν
1747 2113 2151 2205 Ἀποκαύκῳ·
2214 2120 2377 2198 μᾶλ-

183 2226 296 2286 λον
349 2218 474 2306 γάρ
533 2217 745 2308 ἐαυτῷ
799 2212 844 2303 ἢ
903 2221 1121 2306 ἐκείνῳ
1184 2208 1342 2306 ᾤετο
1396 2211 1754 2301 προσήκειν.
1838 2216 2084 2299 ἐλέγετο
2140 2219 2212 2281 δὲ
2266 2215 2381 2281 καὶ

81 2316 666 2389 zoninum-svaswe
702 2320 1052 2402 ἠδικῆσθαι
1108 2322 1258 2401 παρ’
1285 2317 1524 2380 ἐκείνου
1565 2309 1732 2400 πρὸς
1783 2311 1897 2381 τόν
1936 2315 2174 2399 γάμον·
2213 2318 2298 2381 δι’
2321 2312 2424 2390 &B

179 2418 482 2503 ἐβούλετο
540 2420 603 2481 εἰ
642 2415 903 2481 δύναιτο
965 2417 1392 2501 διαφθείρειν.
1482 2417 1777 2501 φανεραῖς
1821 2418 1942 2497 μὲν
1984 2405 2101 2480 οὖν
2145 2417 2383 2491 ἐκεῖνος

179 2512 306 2585 ούκ
347 2518 928 2583 ἀντικαθίστασθαι
967 2511 1174 2579 ἐδόκει
1198 2561 1218 2597 ,
1262 2513 1424 2579 ἀλλὰ
1467 2511 1835 2600 πρεσβεύων
1886 2519 2040 2601 παρ’
2065 2509 2383 2600 ἑκατέροις

174 2621 296 2688 ἐπὶ
337 2620 424 2706 τῷ
467 2617 789 2699 διαλύειν,
834 2619 1078 2697 μᾶλλον
1126 2618 1465 2698 συνέκρουε
1506 2613 1621 2682 καί
1659 2614 1996 2700 παρώξυνε
2034 2612 2150 2681 τόν
2192 2612 2383 2680 πόλε-

326 2784 382 2836 9.
426 2762 600 2823 ἄλλος
636 2761 691 2817 P.
820 2781 908 2818 aa.
945 2761 1343 2818 ἀνθίστασθαι
1377 2764 1434 2816 Ρ.

182 2889 308 2960 guis
349 2887 410 2939 in
445 2887 657 2940 caelum
691 2885 837 2939 ferre
863 2923 880 2950 ,
918 2885 1241 2955 militesque
1279 2891 1339 2936 et
1393 2884 1494 2935 alii
1534 2902 1727 2938 omnes
1761 2886 2034 2940 concessis
2071 2885 2380 2942 honoribus

183 2959 438 3012 contenti
478 2972 613 3011 esse.
686 2957 849 3011 Solus
885 2955 1133 3009 Andreas
1169 2955 1523 3025 Palaeologus
1559 2958 1702 3012 alios
1739 2957 1850 3008 sibi
1900 2959 2207 3029 praelatos„
2258 2960 2391 3030 qui-

182 3029 295 3084 bus
333 3030 453 3081 iure
530 3026 888 3082 saeferendus
925 3027 1161 3089 fuisset,
1216 3025 1448 3079 moleste
1485 3026 1839 3096 patiebatur:
1892 3030 2113 3100 totique
2150 3046 2392 3083 conven-

185 3102 276 3154 tui
314 3100 372 3151 in
411 3114 476 3151 ae
516 3099 645 3153 ibus
680 3098 1001 3168 Apocauchi
1042 3115 1102 3152 se
1141 3095 1497 3166 opponebat:
1554 3101 1817 3168 natisque
1854 3098 2180 3164 discordiis,
2236 3101 2391 3154 indi-

179 3178 275 3223 cta
309 3170 484 3222 salute
526 3169 875 3223 abscedebat.
951 3169 1095 3222 Tum
1154 3170 1326 3221 ceteri
1360 3168 1599 3222 fremere
1636 3178 1887 3234 tantum,
1935 3179 1995 3224 et
2042 3171 2186 3223 nihil
2240 3172 2392 3243 quod

181 3241 426 3299 officium
463 3240 759 3312 poscebat,
796 3241 995 3293 facere.
1068 3240 1298 3292 'fimens
1336 3248 1520 3291 autem
1579 3239 1973 3310 palaeologus,
2030 3258 2103 3296 ne
2162 3242 2387 3295 illorum

177 3328 217 3366 ι
252 3329 311 3367 se
370 3312 744 3382 discrepantia
791 3312 990 3363 malam
1028 3311 1137 3363 sibi
1176 3317 1406 3362 mortem
1444 3312 1705 3375 afferret,
1760 3314 1949 3365 statim
2000 3321 2211 3382 portam
2264 3329 2390 3365 ver-

177 3400 277 3437 sus
314 3399 461 3435 mare
498 3389 563 3433 ut
623 3381 861 3454 aliquam
914 3381 1221 3435 custodiam
1278 3382 1605 3450 occupavit:
1662 3383 1863 3435 circum
1911 3400 2075 3456 quam
2130 3382 2389 3437 habitant

175 3469 370 3507 omnes
435 3452 735 3516 classiarii,
791 3470 1023 3537 quorum
1070 3468 1261 3523 magna
1302 3459 1388 3504 est
1438 3461 1498 3506 et
1529 3451 1602 3502 ad
1647 3454 2047 3507 trucidationes
2103 3454 2389 3508 obeundas

180 3523 343 3578 haud
378 3524 615 3593 impigra
655 3523 974 3577 multitudo.
1009 3523 1232 3579 Adhaec
1268 3524 1446 3592 gravis
1487 3532 1795 3578 armaturae
1837 3542 2024 3579 omnes
2050 3563 2066 3589 ‚
2104 3531 2387 3595 tamquam

176 3595 354 3650 robur
384 3593 608 3665 populi:
649 3594 741 3645 cui
780 3596 953 3648 ferme
991 3597 1051 3647 in
1087 3595 1297 3647 cunctis
1357 3592 1728 3648 seditionibus
1777 3604 2080 3666 praeeunt,
2133 3596 2386 3652 alacriter

177 3666 476 3738 sequenti,
513 3679 626 3736 quo
660 3665 772 3736 ipsi
810 3664 1088 3719 duxerint.
1158 3664 1381 3720 Habent
1414 3680 1544 3719 vero
1579 3683 1737 3718 suum
1778 3666 2061 3736 proprium
2096 3666 2385 3735 magistra-

178 3743 304 3789 tum
341 3774 358 3801 ,
409 3735 500 3789 cui
552 3744 687 3787 tunc
739 3735 1092 3806 palaeologus
1138 3742 1406 3808 praeerat.
1508 3735 1687 3807 Quam
1723 3737 1796 3789 ob
1846 3753 2087 3798 causam,
2140 3743 2196 3788 et
2250 3740 2383 3808 quia

177 3807 470 3878 ceteroqui
522 3804 684 3858 illum
737 3805 1079 3876 diligebant,
1142 3809 1388 3877 prompti
1438 3823 1537 3875 pro
1592 3824 1659 3860 eo
1714 3823 1861 3860 arma
1900 3806 2286 3877 capessebant,
2322 3816 2381 3862 et

176 3878 418 3932 cuilibet
475 3885 667 3930 contra
720 3894 778 3930 se
821 3876 1024 3931 ferenti
1077 3881 1330 3932 resistere
1368 3878 1543 3946 parati
1595 3885 1771 3932 erant.
1843 3878 2071 3932 Cocalas
2110 3879 2168 3931 in
2202 3895 2369 3949 prse-

178 3950 331 4002 senti
375 3963 480 4000 nec
513 3947 621 4001 sibi
659 3947 835 4000 otium
869 3948 1162 4020 agendum,
1205 3949 1302 4002 sed
1341 3947 1409 4002 de
1444 3950 1794 4018 praefectura
1823 3947 2171 4017 Apocaucho,
2208 3967 2375 4019 quam

177 4018 329 4082 sibi,
380 4033 494 4070 non
543 4019 633 4071 illi
679 4020 971 4072 convenire
1010 4019 1372 4088 opinabatur,
1403 4018 1779 4081 insidiandum
1818 4016 1997 4078 duxit.
2066 4019 2371 4076 Dicebatur

177 4090 355 4143 etiam
394 4091 726 4158 suspicatum
772 4108 924 4156 esse,
960 4091 1067 4143 sibi
1107 4090 1177 4142 ab
1222 4109 1291 4144 eo
1329 4090 1531 4142 factam
1568 4089 1831 4142 iniuriam
1867 4099 2093 4162 propter
2129 4093 2365 4162 nuptias.

179 4158 560 4228 Quamobrem
615 4161 864 4217 occidere
922 4162 1201 4214 hominem
1251 4160 1545 4233 cupiebat,
1603 4162 1649 4212 si
1701 4170 1905 4230 posset.
2004 4162 2369 4231 Apocauchus

179 4230 352 4300 igitur
396 4239 588 4302 aperto
644 4232 824 4290 Marte
875 4233 1243 4290 resistendum
1291 4250 1408 4288 non
1458 4231 1803 4298 existimans,
1841 4232 1913 4285 ad
1964 4241 2255 4305 utrumque
2288 4234 2359 4285 de

3222 3961 3232 4078 ——v
3223 3843 3228 3936 ᾼᾈ-ᾼ
3227 3813 3228 3818 Α
