3263 5161
894 310 953 396 6
1788 335 2204 403 emmau

901 490 1155 546 Thessali
1174 529 1192 558 ,
1236 491 1588 549 Acarnanes,
1641 488 1864 560 reliqua
1900 489 2030 543 item
2057 491 2349 543 continens
2390 491 2454 543 in
2497 500 2821 560 potestatem
2859 490 3073 544 veniat.

900 558 1136 630 Quidam
1203 558 1717 611 Thessalonicenses
1765 556 2049 631 deficiunt.
2140 561 2444 630 Byzantini
2489 560 2701 613 nobiles
2740 560 2901 613 rebus
2951 559 3073 610 suis

897 642 1229 690 metuentes,
1292 629 1402 681 iter
1450 629 1569 681 eius
1626 642 1906 681 conantur
1953 627 2233 699 impedire.
2325 632 2499 684 Axius
2529 630 2758 700 fluvius
2804 626 3074 684 exundat.

894 701 1196 756 Exercitus
1228 700 1733 764 Gynaecocastrum
1780 697 1928 750 redit
1969 699 2101 769 (39)-
2189 700 2550 771 Apocaucbus
2582 698 2661 752 ud
2680 696 3076 753 ostendendum

891 770 1201 843 potentiam
1246 769 1460 820 insulas
1498 767 1900 821 circumvectus
1918 790 1956 830 ,·
1990 754 2058 823 ol>
2094 766 2159 822 id
2185 771 2358 841 ipsum
2402 769 2850 826 Thessalonicam
2890 766 3077 821 adna-

895 843 1074 912 viget.
1146 841 1526 891 Protostrator
1548 835 1630 889 ad
1665 855 1785 890 eum
1811 837 2083 898 desciscit.
2155 842 2285 909 Imp.
2325 843 2391 892 in
2429 837 2743 894 desertores
2763 878 2790 904 ,
2827 851 2887 891 ut
2912 854 3079 907 tgna-

896 930 1020 971 vos,
1055 909 1362 962 invehitur.
1431 907 1752 977 Apelmenes
1794 912 2052 979 ingratus
2092 922 2146 962 et
2185 910 2448 977 superbus
2484 909 2621 979 (4ο).
2693 911 3080 964 Protostrator

895 981 1258 1045 obiurgatur,
1307 979 1401 1030 cui
1420 995 1562 1046 puer
1584 983 1792 1030 Asanes
1823 978 2246 1033 commendatur.
2321 978 2569 1034 Ostendit
2592 980 2749 1049 Imp„
2800 982 2863 1031 in
2893 995 3081 1051 quan-

899 1052 974 1103 tis
998 1047 1426 1121 difficultatibus
1455 1062 1743 1102 versetur.-
1778 1050 2012 1101 militum
2039 1051 2253 1103 animos
2278 1051 2478 1117 erigit.-
2510 1048 2590 1101 ad
2611 1050 2917 1121 principem
2946 1048 3080 1101 sti·

899 1121 1177 1173 ballorum
1219 1137 1323 1190 pro
1364 1119 1587 1171 auxilio
1636 1116 1872 1172 eundum
1907 1118 2117 1173 suadet.
2199 1119 2553 1174 Discedentes
2582 1119 2942 1190 Apocaucluu
2982 1120 3082 1170 in-

898 1189 1185 1264 sequitur,
1210 1206 1327 1242 non
1356 1200 1542 1241 tamen
1559 1196 1862 1257 'pugnatur-
1918 1190 2266 1260 Transfiagas
2307 1193 2432 1261 Imp.
2479 1191 2683 1259 excipit
2751 1190 2969 1260 equites
3001 1187 3080 1239 ab

899 1257 1242 1330 Apocaucho
1281 1259 1414 1327 (4')·
1491 1257 1757 1310 Edessam
1796 1258 2084 1312 obsidione
2151 1261 2522 1314 Triballorum
2554 1261 2776 1315 liberat.
2847 1258 3084 1326 Zimpa-

902 1347 1010 1383 nus
1044 1327 1270 1404 quidam
1314 1328 1613 1397 pecuarius
1647 1331 1775 1397 Imp.
1813 1329 2028 1399 legatos
2066 1331 2287 1384 vinctos
2321 1338 2369 1383 A
2440 1330 2649 1385 caucho
2677 1327 2849 1382 dedit.
2923 1323 3090 1392 Quid

896 1401 1054 1471 passi
1082 1401 1210 1452 sint.
1281 1396 1554 1467 Munifice
1597 1416 1667 1451 ac
1705 1398 2121 1466 perhumaniter
2154 1419 2193 1454 a
2246 1399 2356 1455 duo
2392 1419 2458 1454 us
2504 1398 2757 1470 dynastis
2797 1398 3086 1466 accipitur

900 1471 1231 1541 Imperator.
1305 1468 1558 1538 Scopiam
1594 1470 1756 1520 venit
1802 1469 1932 1540 (42)-
2022 1468 2277 1524 Eundem
2325 1471 2556 1524 hiberus
2596 1468 2878 1523 Tribunus
2916 1466 3089 1519 Crali

901 1539 1190 1597 conciliat.
1262 1539 1318 1590 Is
1369 1554 1488 1589 cum
1531 1556 1705 1591 uxore
1755 1556 2082 1602 occurrens,
2134 1558 2333 1612 magno
2377 1542 2536 1594 illum
2585 1540 2797 1593 bonore
2845 1537 3084 1606 suscipit

900 1622 957 1664 et
1001 1611 1270 1680 regaliter
1317 1618 1545 1660 tractat.
1625 1608 1706 1659 Ab
1755 1625 1820 1662 eo
1871 1612 2145 1663 auxilium
2175 1612 2352 1678 petit.-
2412 1611 2510 1663 ille
2545 1609 2835 1664 societatis
2869 1621 3077 1659 merce·

902 1677 1024 1733 dem
1075 1680 1238 1731 urbes
1269 1675 1572 1732 occidentis
1606 1694 1777 1739 usque
1815 1696 1852 1730 a
1893 1678 2231 1750 Christopoli
2263 1680 2525 1750 postulat.
2596 1680 2831 1732 Recusat
2867 1677 3084 1730 Canta-

899 1762 1141 1803 euzenus
1172 1760 1228 1801 et
1259 1748 1422 1821 quasi
1445 1764 1645 1814 paream
1680 1747 1979 1815 ingenuum
2013 1748 2245 1803 lionoris
2284 1766 2352 1803 ue
2385 1747 2686 1802 studiosum
2722 1748 2908 1817 tangit
2941 1746 3086 1817 (43).

901 1817 1153 1872 Prudens
1189 1820 1378 1870 oratio
1416 1818 1662 1870 Helenae
1717 1819 2033 1872 Cralaenae
2080 1817 2148 1874 de
2183 1770 2516 1872 adiuvando
2549 1819 2760 1888 hospite
2804 1832 2923 1870 cum
2943 1834 3084 1869 con-

901 1886 1118 1940 ditione
1152 1886 1554 1942 tolerabiliore.
1624 1889 1757 1954 Imp».
1797 1904 2023 1941 suorum
2058 1892 2351 1942 consilium
2385 1888 2455 1943 de
2498 1885 2900 1949 concedendis,
2933 1903 3085 1957 quae

904 1960 1104 2012 Crales
1135 1970 1311 2027 petat,
1351 1954 1616 2025 repudiat
1655 1953 1785 2025 (44).
1871 1958 2038 2010 Ambo
2076 1972 2373 2026 praesente
2410 1958 2825 2028 archiepiscopo
2859 1959 2923 2008 in
2958 1973 3087 2010 cer-

904 2039 994 2079 tas
1027 2024 1378 2080 conditiones
1413 2027 1627 2081 iurant.
1697 2025 1779 2075 De
1819 2025 2013 2087 Chrele
2051 2028 2310 2080 Triballo
2350 2030 2500 2081 inter
2530 2042 2822 2099 utrumque
2855 2038 3089 2080 conten-

905 2097 1007 2149 tio.
1082 2096 1195 2148 Cur
1225 2099 1277 2147 is
1310 2092 1390 2146 ad
1424 2095 1642 2145 Cralem
1679 2096 1896 2148 reverti
1926 2098 2187 2151 noluerit.
2270 2099 2580 2153 Melenicus
2611 2098 2803 2152 Clu-eli
2834 2094 3088 2154 deditur.

904 2165 1238 2218 Rhentinam
1299 2166 1583 2216 castellum
1640 2165 1838 2229 Syr-ges
1883 2179 2134 2238 occupat.
2243 2171 2313 2219 In
2374 2166 2663 2222 dedititios
2708 2169 2895 2221 saevit
2940 2165 3086 2236 (45).

903 2235 1267 2306 Apocauchus
1316 2235 1591 2300 Polystrli
1635 2233 1776 2302 quid
1818 2239 2033 2305 egerit.-
2083 2234 2225 2309 quid
2269 2236 2714 2304 Didymoticbum
2761 2237 3089 2306 scripserit.-

906 2303 1051 2379 quid
1080 2306 1133 2359 ei
1169 2320 1223 2359 et
1254 2323 1421 2377 quam
1463 2306 1719 2357 aculeate
1755 2322 1825 2358 ac
1851 2305 2025 2360 libere
2044 2324 2360 2378 responsum
2376 2310 2466 2362 sit.
2515 2308 2822 2375 Byzantini
2844 2303 3093 2359 redeun-

908 2389 1012 2429 tem
1044 2392 1163 2428 cum
1188 2374 1663 2446 gratulationibus
1702 2387 1756 2428 et
1788 2378 2077 2446 plausibus
2111 2378 2415 2449 excipiunt.
2486 2380 2597 2431 Pro
2632 2375 2871 2429 libidine
2911 2377 3089 2446 impe-

904 2457 1015 2500 rat.
1068 2447 1244 2507 Irene,
1265 2463 1408 2499 uxor
1427 2444 1831 2508 Cantacuzeni,
1867 2448 2205 2519 cumfratre
2239 2449 2504 2504 Manuele
2541 2449 2604 2500 in
2625 2448 2819 2500 umore
2852 2459 2930 2499 est
2947 2447 3091 2518 (46).

905 2515 1158 2570 Militum
1195 2530 1251 2570 et
1283 2515 1480 2568 dueum
1502 2513 1658 2586 fides
1697 2516 2039 2586 exploratur.
2112 2518 2492 2590 Comitopulus
2525 2518 2892 2572 constantiam
2926 2533 3091 2569 suam

896 2605 1012 2657 pro
1080 2601 1219 2641 etur.
1291 2588 1537 2638 [uratur.
1609 2586 1855 2640 Nuntius
1889 2588 1959 2640 ab
1998 2589 2335 2659 Imperatore
2375 2609 2494 2644 cum
2541 2592 2659 2644 eius
2698 2604 2857 2642 cereo
2892 2588 3090 2659 sigillo

905 2658 997 2726 (47
1028 2694 1042 2710 .
1116 2653 1499 2722 Didymoticbi
1532 2656 1842 2709 suburbani
1881 2659 1944 2709 in
1975 2657 2221 2713 urbanos
2243 2663 2558 2732 insurgunt.
2629 2661 2945 2729 Fugantur.
3015 2658 3092 2711 In

908 2728 1139 2780 exilium
1190 2727 1576 2779 voluntarium
1614 2725 1963 2793 concedunt5
2016 2745 2202 2781 eorum
2261 2727 2451 2783 domus
2497 2730 2871 2784 destruuntur.
2940 2729 3092 2797 Epi-

910 2799 1064 2865 scopi
1090 2796 1424 2849 vaticinium
1446 2807 1678 2847 eventus
1699 2796 1916 2865 probat.
1995 2798 2275 2851 Triballos
2288 2801 2481 2869 princi
2513 2818 2571 2852 es
2588 2798 2846 2868 promissi
2873 2799 3095 2850 auxilii

903 2868 1186 2938 poenitet.-
1220 2862 1460 2918 obsidem
1499 2868 1883 2920 Cantacuzeni
1914 2866 2094 2934 filium
2123 2883 2396 2939 poscunt.-
2450 2820 2681 2923 L'iberus
2706 2868 2891 2930 filiam
2929 2886 3090 2920 suam

912 2937 1030 2990 eius
1075 2936 1204 3008 filio
1245 2937 1565 3004 desponsam
1634 2939 1784 3006 cupit
1829 2937 1964 3006 (48).
2037 2940 2344 3009 Imperator
2376 2957 2495 2993 cum
2536 2937 2912 2993 auxiliaribus
2950 2938 3093 2991 Tri-

913 3007 1081 3058 ballis
1132 3004 1276 3079 quid
1316 3005 1470 3076 apud
1501 3005 1705 3059 Pheras
1754 3008 1947 3078 egerit.
2011 3008 2212 3079 Syr-ges
2247 3009 2326 3062 ad
2355 3023 2625 3081 sceptrum
2660 3010 2951 3062 Armeniae
2981 3025 3092 3060 νο-

910 3088 1093 3129 catur.
1162 3075 1533 3129 Pheraeorum
1553 3075 1871 3130 obstinatio.
1934 3077 2161 3132 Morbus
2185 3081 2248 3132 in
2272 3084 2524 3134 exercitu
2549 3080 2749 3132 multos
2767 3080 3092 3148 exstinguit.

916 3145 1297 3216 Christopolin
1340 3143 1683 3214 praesidium
1721 3147 1791 3199 ab
1826 3149 2156 3216 Apocaueho
2193 3150 2449 3202 mittitur.
2520 3149 2609 3202 Ad
2649 3149 2918 3202 Triballos
2959 3148 3092 3200 abi-

910 3216 1187 3268 turientes
1202 3217 1500 3286 praeclara
1529 3215 1886 3283 Imperatoris
1923 3218 2177 3273 concio.s
2211 3220 2447 3272 Romani
2482 3221 2881 3272 tumultuantes
2900 3219 3094 3271 incre-

908 3299 1138 3356 pantur.
1218 3285 1456 3338 Plurimi
1512 3285 1885 3355 ChristopoIin
1934 3305 1991 3340 se
2028 3287 2333 3360 conserunt.
2407 3288 2619 3340 Ducum
2656 3287 2855 3343 ibidem
2889 3288 3093 3358 periu-

912 3356 1076 3407 rium.
1151 3352 1454 3406 Redeuntes
1490 3355 1799 3422 Imperator
1831 3357 2061 3426 suscipit
2107 3356 2238 3426 (49).
2318 3357 2638 3413 Eorundem
2676 3357 2874 3412 dueum
2911 3358 3096 3428 impu·

913 3421 1052 3476 dens
1099 3421 1166 3474 de
1231 3422 1622 3475 Cantacuzeno
1679 3424 2063 3479 mendacium:
2117 3423 2250 3481 inde
2286 3428 2553 3493 Byzantii
2585 3428 2812 3499 publica
2843 3427 3097 3481 laetitia.

916 3495 1072 3556 Quae
1109 3503 1164 3546 et
1198 3502 1413 3561 quanta
1449 3494 1608 3546 multi
1643 3494 1764 3546 illic
1779 3506 2007 3565 propter
2028 3495 2471 3551 Cantacuzenum
2490 3501 2843 3568 pertulerint.
2911 3497 3093 3552 Prae-

906 3560 1185 3630 fectorum
1231 3563 1487 3620 saeuitia.
1560 3564 1786 3616 Factum
1832 3564 2282 3618 humanissimum
2313 3569 2513 3621 Persae.
2556 3569 2840 3622 cuiusdam
2876 3568 2939 3618 in
2957 3567 3094 3639 sla-

912 3633 1077 3701 gellis
1127 3631 1423 3684 laceratos.
1507 3633 1776 3702 Impostor
1819 3632 2047 3706 quidam
2091 3653 2306 3691 sacrae·
2338 3657 2439 3693 con
2469 3639 2675 3693 essioni
2710 3636 2918 3690 illudit.
2999 3637 3098 3690 Ad

900 3701 1094 3772 falsos
1107 3702 1334 3753 nuntios
1370 3699 1550 3755 denuo
1576 3706 1854 3771 Dee'parae
1890 3717 2136 3775 aguntur
2168 3710 2390 3778 gratiae
2412 3641 2544 3778 (go).
2619 3709 2809 3761 Crales
2841 3709 2916 3759 Im
2990 3726 3091 3759 ra·

916 3775 1034 3823 tori
1082 3773 1353 3841 repetenti
1386 3770 1651 3825 Edessam
1698 3774 1884 3826 statim
1931 3777 2189 3835 restituit.
2262 3779 2617 3847 Apocauchus
2649 3779 2874 3848 frustra
2963 3775 3092 3846 idy-

914 3841 1213 3894 motieloum
1264 3856 1461 3898 movet.
1537 3843 1887 3913 Empytln’um
1929 3843 2176 3901 obsidet.-
2208 3847 2529 3916 Scytharum
2565 3850 2793 3902 incursu
2824 3848 3094 3913 territus,

917 3911 1289 3964 obsessionem
1309 3912 1594 3982 relinquit.
1665 3917 1732 3965 ln
1765 3914 1996 3977 Scythas
2026 3916 2285 3972 abeuntes
2319 3919 2665 3988 Scopelenses
2696 3920 2863 3971 stulte
2899 3931 2952 3972 et
2995 3920 3090 3970 in-

900 3981 1085 4051 felici
1128 3984 1283 4035 exitu
1315 4001 1371 4035 se
1412 3983 1678 4056 infin-unt.
1751 3985 2110 4055 Apocauchus
2144 3987 2278 4043 belli
2310 3986 2848 4044 administrationem
2878 4005 3090 4060 genero

919 4050 1106 4103 tradit
1142 4052 1271 4119 (¹51)-
1346 4059 1508 4105 Anna
1556 4057 1885 4125 imperatrix
1921 4076 1956 4108 a
2002 4056 2164 4111 Crale
2218 4060 2662 4113 Cantacuzenum
2704 4060 2877 4128 petit.-
2925 4058 3092 4111 urbes

920 4122 983 4171 in
1041 4124 1346 4187 praemium
1394 4124 1641 4193 spondet.
1729 4125 2103 4178 Triballorum
2147 4143 2434 4197 procerum
2484 4128 2974 4182 commemorabilis
3022 4129 3093 4180 in

920 4190 1081 4241 illum
1113 4190 1258 4261 sides
1299 4193 1430 4263 (52).
1519 4195 1774 4249 Thessali
1805 4214 1861 4248 se
1908 4195 2295 4253 Cantacuzeno
2328 4199 2628 4253 subiiciunt
2668 4199 2836 4255 ultro.
2908 4200 3090 4251 Ioan-

924 4275 1048 4312 nem
1092 4262 1356 4332 Angelum
1391 4266 1473 4318 eis
1502 4279 1813 4337 praetorem
1850 4266 2143 4342 praeficit,
2198 4286 2357 4341 quem
2406 4269 2468 4325 in
2520 4268 2674 4325 bulla
2711 4264 3087 4325 commendat.-
