3263 5161
894 1259 2163 1339 PRAEMO.N1TUM.

420 1881 661 1989 Ceam
710 1904 867 1981 iam
916 1906 1001 1981 in
1043 1900 1132 1982 eo
1179 1904 1361 1994 sim,
1413 1921 1540 1994 ut,
1591 1900 1789 2006 quid
1840 1902 1926 1978 in
1958 1901 2107 1979 hoc
2141 1902 2382 1982 altero
2410 1906 2606 1982 Can·

423 2029 764 2105 tacuaeni
806 2028 1197 2103 volumine
1228 2026 1684 2133 praestitum
1723 2026 1850 2116 sit,
1903 2050 2310 2130 exponam,
2362 2028 2609 2107 facere

422 2178 586 2227 non
634 2178 975 2257 possum,
1039 2152 1241 2256 quin
1288 2149 1853 2228 acerbissimam
1916 2174 2129 2227 casus
2189 2150 2403 2227 illius
2454 2178 2608 2228 me-

426 2276 750 2352 moriam
799 2299 1188 2365 renovem,
1241 2275 1385 2379 qui
1435 2275 1894 2378 necopinato
1936 2299 2192 2380 nuper
2238 2274 2427 2351 boni
2477 2302 2609 2352 cu-

425 2400 701 2502 iusque
763 2401 1119 2479 animum
1190 2396 1527 2503 perculit
1591 2414 1672 2472 et
1736 2397 2026 2473 afflixit
2126 2397 2364 2473 Cuius
2394 2400 2607 2477 enim

423 2521 742 2600 consilio
790 2522 1271 2628 auspiciique
1319 2520 1684 2598 felicitate
1734 2521 1924 2598 baec
1965 2521 2125 2627 ipsa
2159 2522 2610 2624 Byzantino-
2679 2597 2686 2604 .

426 2674 605 2723 rum
650 2647 1116 2752 scriptorum
1162 2644 1511 2722 collectio
1563 2662 1648 2720 et
1697 2645 2007 2723 condita
2047 2664 2161 2722 est
2205 2657 2285 2723 et
2325 2647 2412 2723 in
2457 2647 2609 2724 lac-
2679 2727 2690 2732 ,

426 2792 584 2850 tam
641 2799 861 2878 spem
920 2772 1284 2861 accrevit,
1353 2796 1534 2847 eum
1589 2771 1844 2848 subita
1909 2791 2142 2875 atque
2192 2771 2608 2868 immatura

426 2915 673 2973 morte
720 2917 1076 3003 ereptum
1125 2898 1348 2975 nobis
1397 2924 1584 2990 esse,
1656 2899 1834 3001 quis
1880 2916 2033 2982 est,
2101 2921 2337 2999 quem
2392 2921 2608 2974 nunc

426 3018 738 3097 demum
782 3020 1086 3098 edoceri
1136 3025 1533 3127 oporteat?
1631 3021 1947 3126 Quippe
1996 3018 2471 3096 Niebubrius
2516 3043 2607 3094 ea

422 3163 592 3220 erat
634 3146 972 3222 nominis
1018 3145 1299 3249 gloria,
1350 3144 1914 3222 immortalibus
1964 3145 2052 3219 in
2101 3169 2265 3219 rem
2312 3143 2606 3220 littera·

424 3269 621 3346 riam
648 3269 942 3346 meritis
970 3288 1231 3376 parta,
1291 3288 1384 3346 ut
1419 3289 1499 3347 et
1524 3269 1770 3361 vivus,
1821 3271 1882 3345 si
1917 3269 2093 3372 quis
2129 3267 2359 3364 alius,
2397 3267 2612 3346 intel!

422 3392 928 3470 humanitatis
994 3392 1271 3469 decora
1352 3391 1966 3499 splendidissima
2044 3371 2605 3482 celebraretur,

422 3532 540 3606 et,
590 3515 730 3591 ubi
780 3515 936 3592 vita
985 3514 1333 3605 decessit,
1386 3516 1620 3619 longe
1665 3516 1974 3620 lateque
2025 3516 2239 3596 triste
2305 3519 2426 3597 sui
2476 3519 2604 3597 de-

408 3638 795 3716 ‘siderium
853 3638 1332 3717 diffunderet
1395 3640 1980 3745 communisque
2053 3644 2393 3720 iacturae
2438 3671 2604 3723 sen-

421 3793 597 3842 sum
666 3767 1051 3845 excitaret.
1165 3770 1266 3843 Et
1326 3792 1505 3842 vero
1570 3768 1899 3844 nuntius
1962 3769 2100 3845 iste
2148 3795 2239 3845 eo
2301 3771 2606 3875 gravius

422 3892 783 3966 omnium
826 3893 1123 3970 animos
1151 3891 1447 3983 affecit,
1501 3890 1716 3996 quod
1767 3892 1852 3968 in
1890 3919 2167 3998 magna
2214 3915 2293 3973 et
2337 3898 2605 3975 multi-

418 4016 613 4124 plici
676 4016 1141 4109 calamitate,
1208 4044 1485 4122 quam,
1548 4035 1666 4093 tot
1710 4016 1894 4093 viris
1941 4017 2352 4122 praeclaris
2398 4045 2604 4098 sum-

417 4161 707 4246 maque
733 4139 1133 4218 doctrinae
1172 4139 1407 4217 laude
1437 4140 1901 4248 conspicuis,
1951 4142 2202 4219 nescio
2250 4170 2408 4246 qua
2457 4143 2602 4220 fati

414 4263 875 4372 iniquitate,
924 4265 1133 4374 inq-a
1180 4263 1329 4342 boc
1374 4263 1601 4341 breve
1669 4266 2032 4373 temporis
2075 4267 2412 4375 spatium
2477 4292 2600 4343 ex-
