3263 5161
864 301 918 413 β
1755 277 2180 389 mmocml

864 488 1080 541 Annam
1117 482 1184 538 de
1218 498 1357 552 pace
1387 479 1516 566 (64).
1600 479 1988 533 ‘Centacuseni
2016 478 2236 549 legatus
2262 476 2436 550 foede
2488 475 2895 552 crudeliterque
2930 496 3032 534 ac·

866 556 1098 625 cipitur.
1166 551 1486 623 Apocauclu
1526 548 1844 603 maledicta.
1912 552 2167 603 Amurius
2189 567 2363 618 quare
2389 550 2608 623 litteras
2638 549 2747 601 sibi
2781 548 3033 605 redditas

867 625 949 682 ad
981 627 1364 696 imperatorem
1401 620 1678 674 detulerit.
1746 620 2012 690 Episcopi
2028 618 2529 684 Didymotichensis
2544 617 2877 702 praedictio.
2926 620 3035 670 Ca-

868 698 1034 748 stella
1073 695 1325 761 Meropes
1357 704 1412 742 et
1445 689 1702 756 petuas-ii
1722 707 1778 742 se
1809 686 2052 756 dedunt,·
2089 689 2285 759 quibus
2305 691 2644 742 Momitztlus
2666 690 3040 759 praeficitur:

868 767 1027 821 cuius
1065 781 1241 817 mores
1276 758 1666 814 describuntur
1695 759 1827 828 (65).
1896 756 2345 825 Didymotichum
2381 757 2464 811 ad
2488 758 2878 829 Imperatorem
2914 775 3040 811 cum

871 832 1098 889 Amurio
1151 831 1329 888 venit.
1413 829 1693 883 Thraciae
1743 829 1903 883 urbes
1961 827 2332 894 refractariae
2381 830 2721 910 puniuntur.
2808 829 3040 882 star-bus

868 903 1103 960 Amurii.
1144 899 1521 954 'Praesidium
1560 903 1776 951 missum
1815 896 2258 968 adrianopolin.
2300 898 2564 970 illiusque
2595 896 3043 967 Didyntoticlsuns

873 974 1078 1045 inseiis:
1122 972 1390 1028 excursio.
1472 972 1731 1022 Amarius
1763 981 1985 1022 mortem
2013 970 2076 1021 in
2110 969 2376 1038 conflictu
2425 966 2634 1022 evadit·
2719 965 3043 1021 Alexandro

872 1048 1187 1100 Moesorum
1220 1044 1362 1111 regi,
1403 1058 1506 1110 pro
1545 1039 1764 1093 auxilio
1800 1037 2011 1091 dantur
2031 1039 2192 1092 urbes
2213 1056 2411 1092 novem
2427 1057 2446 1089 .-
2483 1039 2602 1091 eius
2622 1037 3043 1106 tergiversatio.

880 1119 1003 1185 Qua
1039 1116 1260 1168 ratione
1297 1111 1585 1165 coniurati
1621 1110 1818 1162 Persas
1854 1126 1883 1162 e
1926 1108 2171 1160 Thracia
2219 1106 2450 1163 educere
2483 1108 2675 1161 conati
2717 1108 2850 1159 sint.
2883 1152 2888 1159 .
2924 1107 3046 1160 Eos

881 1188 1156 1238 incassum
1191 1183 1397 1233 nititur
1431 1182 1668 1233 retinere
1703 1179 1996 1231 Amurius:
2041 1176 2108 1231 de
2145 1196 2255 1261 quo
2294 1176 2448 1248 apud
2479 1180 2869 1247 Imperatorem
2906 1194 3048 1229 conu-

879 1255 1173 1326 queritur,
1227 1248 1571 1321 reditumque
1625 1266 1698 1300 ex
1747 1249 1880 1301 Asia
1933 1265 2051 1301 cum
2095 1249 2368 1300 militibus
2401 1248 2717 1301 melioribus
2746 1247 3053 1316 pollicetur

876 1326 1012 1392 (66).
1089 1323 1230 1376 Eum
1263 1320 1526 1373 hortatur
1573 1318 1917 1388 Imperator,
1969 1316 2303 1386 legationem
2326 1318 2656 1385 Byzantium
2677 1319 2887 1377 mittat,
2933 1332 3051 1387 quo

879 1412 1053 1448 naves
1087 1404 1141 1445 et
1171 1392 1465 1460 pecuniam
1501 1385 1579 1440 ad
1620 1386 1860 1440 reditum
1895 1384 2258 1457 adipiscatur.
2329 1388 2616 1457 Principes
2654 1388 3053 1439 Constantino·

876 1466 1002 1534 poli
1034 1462 1313 1517 Asturiam
1351 1458 1418 1511 de
1454 1459 1764 1511 abiectione
1803 1456 2241 1528 reprehendunt,
2278 1474 2454 1510 naves
2486 1474 2604 1510 cum
2641 1457 2882 1526 pecunia
2914 1472 3054 1524 proe-

880 1534 1125 1589 mimmt,
1192 1529 1459 1601 Defendit
1493 1546 1564 1584 se.
1643 1527 1821 1581 Locus
1861 1526 1928 1580 de
1969 1525 2304 1581 discrimine
2340 1529 2628 1581 servitutis
2658 1529 2799 1596 (67)-
2869 1526 3055 1593 impe·-

878 1617 1042 1657 rator
1090 1600 1369 1654 divinitus
1416 1616 1450 1650 a
1491 1597 1672 1652 Persis
1712 1595 2089 1666 praedonibus
2136 1597 2425 1653 liberatur.
2511 1598 2651 1651 Eius
2692 1613 2881 1666 pugna
2929 1612 3055 1648 cum

879 1669 1252 1726 obsessoribus
1289 1669 1534 1721 Asomati
1579 1679 1636 1718 et
1686 1668 1955 1718 victoria.
2048 1668 2335 1721 Discessus
2381 1669 2630 1719 Amr-ii.-
2684 1678 2737 1719 et
2781 1682 2965 1738 quare
3004 1667 3056 1716 is

881 1740 1154 1795 discessus
1192 1737 1524 1806 Imperatori
1543 1733 1990 1793 comniodaverit.
2065 1737 2486 1806 Gratianopolis
2516 1733 2746 1789 obsidio·
2820 1736 3056 1803 Smyrna

884 1830 923 1864 a
964 1810 1196 1864 Latinis
1231 1820 1397 1877 capta
1434 1806 1560 1874 (68).
1638 1806 1716 1857 Ab
1755 1808 1874 1859 eius
1906 1805 2190 1876 praefecto
2227 1805 2512 1876 Angelitse
2549 1824 2664 1859 non
2701 1804 2917 1858 modica
2960 1822 3060 1873 pe-

886 1874 1080 1934 cunia'.
1147 1877 1418 1947 Episcopi
1469 1873 1971 1940 Didymotichensis
2015 1876 2214 1931 obitus.
2273 1873 2595 1930 Alexandri
2626 1895 2661 1927 a
2696 1874 2931 1928 Morrha
2966 1892 3062 1927 re·-

887 1968 1065 2005 cessus
1098 1949 1259 2017 (69).-
1305 1946 1645 1999 Μοηιίιιὶἰω
1696 1945 1951 1999 Persicas
1984 1963 2160 2001 naves
2199 1958 2313 1999 tres
2345 1943 2614 2000 incendit.
2689 1946 2911 2005 Pes-sae.
2956 1945 3063 2025 qui

885 2018 1040 2090 apud
1080 2020 1557 2074 Cantacuzenum.
1615 2011 1867 2067 custodes
1925 2032 2150 2067 suarum
2202 2017 2434 2068 navium
2472 2014 2795 2086 interfectos
2859 2014 3066 2066 ulcisci

888 2086 1112 2143 ardent.
1181 2087 1282 2137 Eis
1321 2086 1626 2151 Imperator
1647 2084 1921 2136 Romanos
1944 2083 2237 2155 adiungitg
2275 2087 2398 2137 eius
2423 2086 2805 2154 regiunculam
2832 2083 3067 2154 deprae-

886 2156 1022 2210 dari
1061 2154 1225 2207 iubet.
1297 2153 1639 2206 Momitzilus
1679 2154 1979 2225 improviso
2019 2152 2268 2206 adventu
2305 2155 2692 2223 Imperatorem
2724 2168 2925 2209 terret.-
2959 2169 3066 2205 cun·

870 2230 976 2281 ‚ius
1003 2226 1208 2278 milites
1226 2220 1504 2294 fugiunt.-
1538 2225 1809 2294 ipsecum
1847 2223 2045 2292 paucis
2076 2236 2298 2278 strenue
2336 2241 2391 2278 se
2427 2237 2630 2280 tuetur.
2698 2220 3069 2278 lantzarethi

872 2295 1090 2369 famuli
1123 2295 1186 2346 in
1232 2289 1509 2346 dominum
1562 2294 1736 2345 mirus
1768 2310 1930 2345 amor
1963 2303 2019 2346 et
2048 2291 2219 2364 fides.
2293 2296 2633 2348 Momitsilus
2671 2295 2740 2347 ab
2762 2300 2928 2348 Anna
2962 2294 3068 2345 im-

884 2364 1170 2439 peratrice
1196 2360 1423 2431 despota
1459 2362 1855 2430 renuntiatur-,-
1893 2378 2053 2433 quem
2082 2362 2502 2417 Cantacuzenus
2533 2366 2758 2434 insuper
2772 2362 2908 2417 data
2931 2378 3069 2432 sup-

886 2437 1027 2507 plici
1076 2431 1251 2486 venia
1299 2432 1803 2486 Sebastocratorem
1849 2446 2017 2486 creat.
2090 2432 2289 2485 Persae
2325 2434 2389 2485 in
2423 2436 2609 2489 Asiam
2645 2433 2876 2488 redeunt
2929 2432 3068 2501 (70).

888 2503 1262 2572 Palaeologus
1286 2503 1592 2572 imperator
1625 2514 1903 2570 aegrotat.
1974 2504 2219 2564 Moesus,
2254 2516 2415 2574 rupto
2433 2502 2694 2573 foedere,
2733 2501 3067 2573 Apocaucho

889 2576 1063 2630 mittit
1112 2573 1351 2630 auxilia.
1426 2568 1705 2624 Callidum
1744 2572 2104 2643 Imperatoris
2140 2574 2453 2627 consilium.
2530 2576 2713 2629 Gener
2745 2571 3071 2644 Apocauclu‘

890 2645 955 2697 in
992 2642 1173 2696 Hebro
1203 2660 1540 2695 summersus.
1588 2642 1987 2709 Didymoticho
2015 2644 2340 2713 repellitur.-
2380 2644 2668 2699 Morrham
2695 2658 2893 2699 vastat.
2935 2647 3070 2697 Mo·-

890 2714 1134 2766 mitsilus
1168 2711 1278 2764 sibi
1306 2713 1683 2782 principatum
1713 2716 1997 2784 proprium
2036 2710 2347 2776 meditans,
2385 2733 2420 2768 a
2448 2715 2837 2770 Cantacuzeno
2879 2725 2933 2768 et
2961 2715 3070 2765 ine-

886 2784 1168 2853 peratrice
1203 2785 1368 2838 Anna
1403 2782 1596 2851 deficit
1630 2783 1713 2850 (7¹
1736 2783 1774 2848 ).
1846 2782 2154 2836 Archontes
2204 2785 2328 2837 sive
2363 2785 2588 2854 imperii
2618 2804 2723 2856 pro
2755 2801 2930 2856 puero
2957 2785 3074 2836 Im-

887 2864 1145 2923 peratore
1191 2863 1245 2904 et
1285 2849 1454 2904 vidua
1497 2849 1980 2906 administratores
2032 2856 2283 2906 miserum
2317 2855 2405 2906 rei
2431 2855 2693 2927 publicae
2730 2867 2929 2907 statum
2966 2851 3073 2905 do·-

893 2922 1011 2974 lent
1029 2941 1048 2972 .-
1106 2921 1452 2991 imperatrici
1494 2939 1685 2991 pacem
1720 2923 1972 2976 suadent.
2042 2923 2271 2976 Moleste
2290 2923 2419 2993 sert
2458 2923 2846 2994 Apocauchus‚
2878 2924 3069 2993 patri-

891 2991 1228 3062 archamque
1265 3004 1320 3043 et
1345 2992 1636 3054 Gabalum,
1671 3009 1923 3061 magnum
1951 2993 2303 3064 logothetam,
2335 3012 2392 3047 se
2428 2998 2669 3048 visentes
2685 2992 2763 3047 ad
2781 3011 2908 3045 suas
2926 3011 3071 3062 par·-

893 3072 978 3113 tes
1007 3058 1260 3113 reducit.-
1304 3062 1704 3131 imperatricem
1753 3063 2032 3134 castigat.-
2085 3064 2333 3116 Gabalae
2376 3065 2560 3134 filiam
2594 3062 2890 3132 despondet
2934 3063 3075 3132 (7²)-

891 3128 1255 3200 Apocauchus
1312 3129 1380 3184 de
1433 3134 1656 3201 integro
1700 3131 2146 3187 Cantacuzenum
2179 3135 2243 3186 in
2275 3135 2677 3202 imperatricem
2714 3135 2948 3186 irritat.-
2998 3150 3076 3186 ae

895 3216 1151 3262 rursum,
1194 3218 1528 3272 quamquam
1562 3201 1875 3266 submissus,
1906 3200 2243 3258 dominatur.
2311 3203 2633 3272 legationis
2672 3201 2752 3256 ad
2779 3219 2900 3256 eum
2938 3203 3076 3255 mit-

895 3268 1099 3323 tendae
1133 3283 1333 3322 auctor
1369 3284 1465 3324 est.
1534 3271 1845 3326 Mittuntur
1879 3276 2044 3327 simul
2075 3273 2240 3327 binae
2275 3273 2580 3341 epistolae,
2617 3273 2818 3342 quibus
2848 3273 3078 3344 signifi-

895 3351 1062 3395 catur
1087 3338 1357 3407 gaudium
1394 3337 1462 3393 de
1501 3341 1620 3392 eius
1657 3342 1954 3396 voluntate
1992 3344 2215 3410 imperii
2247 3339 2597 3406 deponendi.-
2651 3354 2714 3394 ut
2730 3341 2899 3411 salso
2931 3360 3077 3395 nar—

894 3420 1129 3463 raverat
1168 3409 1544 3478 Apocauchus.
1618 3407 1878 3464 Condicio
1913 3414 1971 3464 ei
2002 3412 2354 3482 proponitur,
2408 3429 2522 3479 qua
2555 3414 2758 3466 veniat
2800 3415 2933 3483 (73).
3001 3412 3080 3464 In

899 3491 1034 3533 acta
1055 3477 1412 3543 Imperatoris
1440 3479 1756 3549 inquiritur
1770 3500 1792 3547 ,·
1829 3481 1962 3534 bene
1985 3481 2290 3550 praefisisse
2313 3480 2586 3534 communi
2607 3479 2855 3535 docetur.
2924 3484 3079 3535 lon-

895 3549 1030 3619 gior
1060 3548 1419 3616 Imperatoris
1459 3550 1644 3600 oratio
1665 3584 1685 3609 ,
1738 3568 1852 3621 qua
1904 3549 2267 3604 archontibus
2305 3551 2631 3620 ignobilitas
2675 3565 2730 3605 et
2749 3547 3079 3624 impruden-

898 3620 983 3670 tia
1019 3617 1286 3671 obiicitur
1322 3631 1375 3670 et
1408 3619 1497 3669 rei
1522 3619 1780 3687 publicae
1810 3632 1987 3674 status
2030 3618 2364 3690 deploratur.
2439 3619 2739 3693 Respondet
2777 3634 3083 3693 praeterea

901 3684 982 3738 ad
1011 3685 1111 3749 id,
1154 3685 1307 3759 quod
1335 3687 1665 3751 patriarcha
1701 3705 1822 3741 eum
1856 3690 1936 3743 ad
1958 3688 2193 3744 reditum
2218 3692 2474 3744 invitans
2496 3730 2511 3754 ‚
2546 3709 2730 3760 poena
2766 3692 3083 3745 soluturum

901 3754 1148 3818 dixerat,
1186 3771 1242 3811 et
1270 3755 1338 3810 de
1372 3758 1436 3810 vi
1476 3757 1844 3812 anathematis
1865 3759 2128 3830 disputat.
2202 3762 2268 3812 ln
2289 3761 2406 3831 fine
2442 3763 2639 3830 ingens
2668 3763 2828 3830 pacis
2856 3759 3081 3815 deside-

903 3826 1049 3878 rium
1084 3827 1221 3896 (74).
1290 3827 1534 3879 Pheraei
1571 3828 1788 3879 veniam
1824 3843 1878 3882 et
1911 3848 2063 3900 opem
2099 3831 2168 3883 ab
2204 3832 2541 3899 imperatore
2558 3832 2838 3901 flagitant
2867 3844 2921 3885 et
2943 3848 3081 3884 con·

903 3909 1224 3964 sequuntur.
1317 3899 1426 3955 Ex.
1457 3898 1590 3967 ipsis
1622 3900 2016 3952 mutabilitatis
2043 3898 2311 3969 sbi-tunae
2348 3901 2620 3962 humanae
2656 3899 3081 3954 documentum.-

904 3980 1141 4034 quorum
1173 3968 1416 4036 exemplo
1458 3968 1719 4033 Byzantii
1754 3982 2067 4033 terrentur,
2118 3983 2174 4023 et
2222 3989 2335 4023 non
2370 3990 2526 4039 posse
2561 3972 2845 4041 imperium
2879 3970 3082 4040 defin-

907 4031 1040 4086 dere
1061 4069 1079 4094 ,
1129 4038 1315 4088 multis
1363 4039 1652 4111 probatur.
1739 4038 2062 4093 ostenditur
2093 4040 2244 4101 item,
2280 4046 2500 4094 Annam
2544 4042 2948 4110 imperatricem
2984 4044 3083 4093 sui

908 4104 1052 4156 iuris
1073 4121 1189 4155 non
1211 4125 1337 4158 esse.
1415 4107 1826 4178 chrysobergis,
1874 4111 2049 4178 legati
2063 4111 2441 4182 Imperatoris,
2463 4110 2780 4166 constantia
2806 4108 3085 4164 adversus

910 4174 1091 4225 minas
1126 4187 1179 4225 et
1217 4176 1471 4230 verbera.
1545 4180 1878 4234 Archontum
1920 4181 2170 4234 invictus
2206 4181 2422 4237 animus
2446 4184 2508 4233 in
2535 4198 2749 4236 arcano
2774 4178 3080 4234 reticendo.

915 4242 1179 4298 Garellae
1214 4242 1448 4304 deditio.
1516 4247 1749 4305 Rursum
1780 4251 1938 4321 pacis
1968 4251 2169 4323 petitio
2203 4251 2337 4325 (75).
2427 4251 2674 4308 castella
2710 4248 2983 4325 quaedam
3019 4266 3082 4308 se

2899 4419 2922 4430 .-
