3263 5161
708 353 853 413 vm
1497 348 2114 415 PRAEMONITUM.

602 618 611 628 ,
708 527 953 606 fuerit
1011 527 1633 636 emendandique
1675 558 1990 637 operam
2041 557 2291 608 meam
2335 533 2732 624 levaverit,
2786 535 2907 614 ni-

707 653 827 730 hil
877 653 1158 731 attinet
1223 651 1509 730 dicere:
1562 679 1681 730 res
1724 654 1884 760 ipsa
1921 653 2245 732 docebit.
2295 726 2300 734 ,
2344 656 2665 755 Quoties
2696 660 2909 738 enim

709 776 1273 880 vitia‚·quibus
1324 779 1940 868 Cantacuzcnus‚
1992 779 2245 881 qualis
2290 803 2335 853 e
2385 777 2733 859 Parisino
2786 810 2909 860 co-

710 901 899 978 dice·
912 898 1244 1007 prodiit,
1293 900 1571 1006 passim
1606 902 2063 1005 inquinatus
2092 920 2236 993 est,
2275 900 2376 978 ad
2408 901 2646 981 huius
2672 905 2908 984 fidem

708 1023 1048 1116 correxi,
1108 1042 1248 1101 aut
1295 1024 1359 1100 si
1407 1023 1605 1129 quid
1651 1053 1965 1130 prorsus
2012 1025 2370 1102 omissum
2424 1046 2592 1104 erat
2639 1048 2905 1122 antea,

703 1150 891 1228 inde
947 1150 1297 1258 supplevi
1361 1168 1441 1226 et
1507 1149 1931 1254 integritati
2000 1175 2181 1227 suae
2229 1147 2577 1242 reddidi,
2637 1152 2907 1230 sedulo

703 1275 1149 1357 faciendum
1196 1276 1497 1366 curavi,
1565 1294 1661 1352 ut
1707 1275 2035 1352 Parisini
2083 1273 2271 1352 libri
2319 1272 2738 1365 dissensum
2790 1278 2909 1355 in-

706 1401 1064 1478 dicarem.
1165 1399 1319 1476 Ubi
1369 1398 1778 1503 utriusque
1839 1397 2122 1478 codicis
2190 1400 2602 1477 lectionem
2661 1427 2911 1485 anno-

709 1544 949 1603 tatam
998 1523 1375 1630 reperies,
1436 1521 1548 1598 ibi
1589 1524 1819 1616 scito,
1883 1521 2184 1628 quod
2162 1552 2248 1599 in
2322 1541 2538 1601 textu
2578 1521 2905 1626 legitur,

708 1650 1157 1727 coniectura
1206 1676 1252 1725 a
1300 1673 1441 1723 me·
1487 1646 1934 1724 restitutum
1981 1672 2165 1743 esse3
2192 1673 2644 1752 quanquam
2691 1642 2779 1721 id
2826 1666 2908 1724 et

703 1771 1145 1876 parcissime
1191 1771 1380 1857 feci,
1422 1790 1501 1848 et
1546 1796 1636 1845 ea
1684 1795 2017 1876 semper,
2068 1787 2162 1846 ut
2210 1768 2442 1845 debui
2472 1822 2494 1861 ,
2535 1768 2903 1847 modera-

706 1885 952 1986 tion'e,
1019 1913 1116 1970 ut
1189 1892 1884 1997 nihil·quidquam
1944 1921 2038 1968 ex
2103 1893 2415 1997 ingenio
2477 1912 2901 1987 mutarem,

703 2016 853 2093 nisi
914 2015 1054 2091 ubi
1105 2041 1222 2091 res
1270 2017 1685 2092 certissima
1723 2013 2137 2093 videretur.
2240 2016 2460 2116 Quin
2524 2017 2761 2093 etiam
2812 2019 2904 2095 in

708 2165 801 2215 eo
849 2164 1126 2240 genere
1192 2137 1574 2244 quaedam
1637 2141 1971 2233 servavi,
2039 2166 2241 2251 quae
2290 2167 2505 2217 nunc
2550 2158 2902 2218 correcta

707 2265 1058 2354 mallem,
1108 2264 1320 2339 velut
1367 2291 1441 2369 p.
1489 2290 1575 2338 21
1603 2322 1625 2356 ‚
1681 2286 1828 2364 19„
1880 2263 2022 2339 ubi
2071 2291 2217 2371 pro
2260 2290 2394 2356 eo,
2441 2262 2659 2369 quod
2688 2284 2901 2341 uter-

705 2414 860 2492 que
908 2384 1147 2471 codex
1193 2386 1429 2465 habet
1456 2387 2108 2484 προσιστάμενον,
2134 2416 2294 2465 non
2333 2387 2647 2480 dubito,
2691 2390 2902 2493 quin

706 2508 1278 2587 emendandum
1308 2510 1411 2587 sit
1435 2509 2013 2609 παριστάμενον
2064 2509 2246 2587 Vid.
2292 2540 2364 2618 p.
2396 2539 2540 2613 207
2552 2513 2665 2603 ‚.5
2712 2519 2898 2616 237,

652 2725 675 2748 -.
714 2662 825 2711 lo.
923 2632 1234 2711 Deinde
1288 2629 1784 2710 scribendum
1848 2652 1958 2710 est
2019 2661 2100 2741 p.
2158 2639 2291 2725 80,
2357 2644 2425 2732 4.
2484 2662 2646 2710 non
2714 2633 2905 2707 θεοῦ

654 2757 673 2768 “
710 2756 1326 2858 συναιρουμένου,
1356 2756 1488 2835 sed
1540 2761 1721 2829 eso&
1765 2759 2297 2859 συναιρομένου
2318 2814 2341 2848 ,
2380 2778 2473 2836 ut
2507 2761 2593 2836 in
2627 2760 2904 2838 eadem

705 2882 1044 2959 formula
1088 2880 1301 2989 apud
1342 2899 1696 2958 nostrum
1727 2881 2045 2985 saepius.
2146 2884 2558 2987 Reliquum
2594 2902 2751 2975 est,
2805 2904 2904 2962 ut

707 3032 1104 3107 moneam,
1152 3004 1545 3111 quidquid
1584 3004 2057 3083 variantium
2106 3007 2530 3085 lectionum
2549 3003 2646 3085 in
2697 3008 2900 3086 duo-

705 3128 854 3204 bus
902 3127 1294 3236 prioribus
1342 3129 1566 3206 libris
1628 3127 1865 3203 codex
1913 3130 2388 3206 Monacensis
2435 3130 2701 3217 habet,
2775 3132 2900 3210 in-

623 3262 633 3278 *
702 3244 998 3330 sertum
1045 3251 1146 3329 iri
1196 3254 1573 3331 volumini
1627 3255 1889 3352 tertio,
1937 3252 2150 3359 quod
2193 3282 2368 3329 mox
2414 3254 2787 3361 prodibit.

904 3481 1055 3556 Ser.
1106 3479 1418 3555 Bonnae
1466 3502 1697 3555 mens.
1750 3476 1995 3583 April.
2039 3505 2108 3554 a.
2142 3482 2347 3556 1831.
