3263 5161
976 378 1543 450 msTommum
1596 382 1709 446 ιιι.
1737 390 1858 460 90.
2333 347 2501 436 553

331 737 681 825 ἐξεφόβουν
729 735 854 822 γάρ
917 734 1237 823 κατάκρας
1321 735 1713 823 πατριάρχης
1751 759 1822 801 τε
1878 732 1992 801 καὶ
2040 733 2104 801 οἱ
2152 727 2334 804 ἄλλοι
2375 738 2565 799 τῶνΒ

329 834 720 922 πραγμάτων
759 831 1060 922 ἄρχοντες
1072 887 1094 920 ,
1153 835 1352 901 πολλά
1395 832 1942 919 καταψευδόμενοι
1993 838 2308 917 βασιλέως
2328 884 2348 915 ,
2398 835 2511 899 καί

286 932 592 1004 ὅέπειθον
631 938 871 1021 ἐκείνην
880 986 900 1017 ,
944 935 1066 1018 ῶς,
1138 939 1198 1002 εἰ
1256 932 1469 1024 τρόπῳ
1533 934 1614 1020 δή
1665 959 1792 1001 τινι
1858 930 2214 1014 Βυζάντιον
2274 938 2508 1010 ἐκεῖνος

326 1032 785 1120 ὕποποιῆσαιτο
806 1085 829 1118 ,
870 1035 1069 1120 αὐτὴν
1100 1036 1328 1101 αὐτίκα
1354 1040 1466 1101 καί
1490 1035 1726 1113 παῖδας
1752 1037 2087 1101 α’ποκτενεῖ
2129 1035 2257 1100 τῶν
2314 1029 2504 1121 ὕβρε-

330 1158 422 1199 ων
476 1136 656 1200 ἕνεκα
708 1139 822 1200 καὶ
887 1138 1017 1201 τῶν
1081 1128 1292 1200 ἄλλων
1354 1136 1563 1200 κακῶν
1613 1138 1738 1201 τῶν
1793 1137 1887 1211 εἰς
1926 1123 2179 1201 ἐκεῖνον’
2198 1132 2312 1200 καί
2356 1130 2507 1209 τούς

328 1243 646 1317 συγγενεῖς
706 1237 1131 1320 γεγενημένων
1193 1231 1607 1316 α’μυνόμενος.
1688 1232 1786 1299 διό
1848 1232 2012 1319 πρὸς
2068 1235 2187 1319 τῆν
2252 1231 2504 1318 εἰρήνην

323 1325 455 1417 ἤδη
505 1332 616 1397 καί
667 1327 834 1418 αὕτη
891 1332 1015 1398 ὑπὸ
1075 1336 1316 1410 δειλίας
1373 1331 1759 1417 α’συμβάτως
1817 1330 1953 1419 εἶχε
1975 1384 1995 1414 ,
2068 1335 2276 1400 καίτοι
2312 1339 2504 1417 βασι-

240 1437 491 1510 πολέως
530 1431 637 1498 αἐἰ
673 1435 972 1513 δεομένου
1025 1435 1140 1498 καί
1173 1435 1515 1518 γράμματα
1555 1432 1922 1526 πατριάρχῃ
1983 1435 2134 1521 περί
2169 1439 2283 1520 τῆς
2328 1433 2504 1518 εἰρή-

327 1554 443 1616 νης
507 1533 884 1616 πέμποντος,
937 1529 1013 1619 (ἃ
1070 1533 1130 1599 οἱ
1194 1527 1445 1616 ἄγοντες
1510 1532 1689 1620 παρὰ
1748 1533 1861 1601 τόν
1920 1537 2040 1601 τοῦ
2093 1531 2500 1618 πατριάρχου

325 1625 562 1715 θρόνον
606 1625 647 1714 ἢ
703 1622 943 1696 ἄλλοθί
1010 1655 1176 1714 που,
1217 1630 1377 1699 ἔνθα
1420 1631 1700 1715 μάλιστα
1741 1635 1859 1699 οὔκ
1894 1636 2039 1719 ἐνῆν
2078 1637 2341 1716 λαθεῖν,
2382 1632 2501 1699 λά-

325 1732 462 1813 θρα
504 1725 801 1815 ἔρῥιπτον
846 1726 1218 1814 ἐρχόμενοι·
1303 1733 1631 1798 ἐδεδίεσαν
1682 1732 1803 1819 γάρ
1877 1733 2170 1820 φανερῶς
2224 1735 2503 1816 παρέχε-

324 1833 485 1898 σθαι
514 1876 535 1912 ,
580 1822 706 1911 οὐχ
747 1825 1022 1918 ἡμέρους
1069 1828 1344 1914 α’μοιβάς
1386 1832 1717 1916 δεχόμενοι
1754 1834 1882 1898 τῶν
1916 1832 2266 1918 πρεσβειῶν
2282 1835 2335 1919 ,)
2387 1824 2561 1896 κᾶνῦ

234 1930 560 2006 ιόἐκεῖνος
606 1927 910 1994 τάναντία
969 1927 1276 2016 ἔπραττεν
1339 1933 1448 1997 αἐἰ
1463 1981 1485 2014 ,
1550 1931 1665 1998 τὸν
1731 1927 2012 2013 πόλεμον
2071 1929 2158 2005 οὖς
2219 1929 2503 2012 μάλιστα

323 2029 481 2112 ἐνῆν
525 2025 840 2100 ἀνάπτων.
922 2030 1253 2115 Βατάτζης
1302 2033 1423 2112 μὲν
1478 2022 1594 2097 οὖν
1651 2030 1922 2097 ἐλπίδων
1989 2027 2156 2095 οὕτω
2214 2026 2501 2112 μεγάλων

324 2121 509 2191 ἕνεκα
571 2134 869 2209 πολεμεῖν
930 2120 1123 2204 αὖθις
1164 2128 1376 2216 ᾑρεῖτο
1421 2134 1704 2213 βασιλεῖ’,
1747 2129 1860 2195 καὶ
1896 2127 2057 2215 πρὸς
2099 2126 2203 2197 τὸν
2242 2130 2501 2205 Λυδίας

324 2224 661 2311 σατράπην
722 2232 982 2310 πέμψας
1008 2277 1028 2311 ,
1071 2220 1215 2315 ᾔτει
1272 2226 1435 2295 κατά
1486 2232 1867 2313 συμμαχίαν
1910 2231 2236 2315 στρατιάν.
2313 2233 2502 2312 βασι·
2514 2236 2577 2292 V.
2601 2236 2706 2293 530

322 2324 474 2402 λεύς
500 2329 571 2391 δὲ
597 2329 740 2392 ἐπεὶ
765 2327 844 2392 τὰ
869 2325 1028 2400 κατά
1044 2325 1382 2413 Βατάτζην
1422 2332 1538 2394 οὐκ
1579 2324 1793 2414 ἦγνόει
1825 2376 1846 2412 ,
1908 2332 2156 2395 πολλῶν
2196 2330 2503 2414 ἀπαγγελ-

194 2427 208 2435 ’
226 2423 579 2507 ὀλόντων,
618 2425 991 2490 Καλόθετον
1004 2423 1114 2490 τὸν
1151 2432 1663 2510 πρωτοσέβαστον
1704 2432 1964 2510 πέμψας
1984 2426 2361 2517 ,κατηγόρει
2384 2426 2503 2513 τὴν

320 2522 779 2609 ἄγνωμοσύνην
815 2521 926 2588 καί
954 2520 1072 2607 τήν
1114 2523 1551 2611 ἀποστασίαν,
1592 2527 1902 2613 ἐπεχείρει
1953 2545 2024 2594 τε
2067 2531 2348 2609 πείθειν,
2403 2527 2495 2613 μῆ

317 2626 597 2691 τοιαῦτα
618 2629 1004 2706 κακουργεῖν,
1048 2621 1211 2687 α’λλά
1243 2634 1456 2708 τηρεῖν
1487 2623 1638 2701 τούς
1670 2623 1898 2711 ὅρκους
1923 2625 2075 2703 τούς
2108 2623 2269 2713 πρός
2307 2624 2504 2693 αὐτὸν

318 2721 441 2789 καὶ
469 2721 586 2798 τὰς
634 2719 966 2806 ’συνθήκας
990 2771 1010 2804 ,
1052 2715 1229 2807 ἥκειν
1267 2746 1337 2788 τε
1378 2721 1540 2811 πρός
1580 2721 1775 2790 αότὸν
1801 2727 2087 2803 ἐκέλευεν
2100 2776 2121 2807 ,
2165 2721 2254 2801 ῶς
2292 2727 2502 2791 πάντα

324 2818 605 2908 πράξων,
649 2813 739 2889 οἷν
783 2814 867 2888 ἂν
926 2824 1152 2889 δέοιτο.
1206 2820 1538 2910 Βατάτζης
1576 2825 1651 2891 δὲ
1696 2822 2049 2914 α’πηγόρευε
2087 2822 2156 2891 τὸ
2199 2827 2316 2890 νῦν
2355 2824 2503 2911 ἔχον

317 3046 705 3118 praestituram
730 3047 1049 3117 spopondit.
1110 3044 1404 3101 Gaudebat
1435 3046 1582 3099 enim
1608 3047 1775 3099 etiam
1811 3053 1980 3118 atque
2018 3048 2206 3110 etiam,
2240 3051 2493 3102 inventos

323 3117 580 3187 ease‚qui
600 3118 982 3171 Cantacuzeno
1016 3117 1287 3170 auderent
1317 3126 1652 3191 possentque
1688 3116 1977 3176 obsistere.
2010 3116 2315 3171 Patriarcha
2355 3121 2502 3171 enirn

317 3187 846 3259 aliiquearcbontes
881 3191 1053 3241 multa
1094 3188 1149 3240 in
1178 3189 1334 3239 illum
1371 3190 1698 3240 mentientes
1718 3188 2197 3241 vehementissime
2233 3204 2351 3242 eam
2385 3196 2496 3241 ter-
2539 3242 2556 3255 ,

318 3257 553 3321 rebant,
592 3266 647 3310 et
679 3259 1112 3328 persuadebant,
1161 3260 1209 3310 si
1245 3276 1357 3328 quo
1404 3257 1566 3312 modo
1627 3259 1948 3327 Byzantium
2003 3259 2102 3311 ille
2159 3259 2495 3330 subiugaret,

315 3326 396 3379 ad
449 3328 785 3381 ulciscendas
833 3330 1192 3383 contumelias
1259 3337 1425 3400 atque
1459 3331 1691 3400 iniurias
1741 3330 1804 3382 in
1852 3346 1911 3382 se
1963 3346 2026 3381 co
2065 3338 2331 3403 natosque
2381 3331 2494 3382 col-

313 3400 496 3461 latas,
543 3399 805 3451 continuo
852 3402 1027 3469 ipsam
1075 3418 1196 3453 cum
1250 3400 1443 3453 liberis
1491 3407 1916 3470 perempturum.
1989 3402 2015 3451 1
2056 3403 2197 3455 circo
2244 3401 2492 3472 quamvis

311 3485 509 3541 pacem
546 3484 759 3538 semper
797 3480 1050 3540 peteret,
1090 3480 1149 3524 et
1181 3469 1253 3522 ob
1291 3472 1351 3523 id
1384 3470 1455 3521 ad
1490 3470 1850 3539 patriarcham
1902 3470 2197 3535 scriberet,
2245 3474 2363 3540 ipsa
2406 3480 2491 3523 ta-

310 3556 447 3594 men
505 3543 616 3593 iam
678 3557 803 3610 prae
858 3543 1055 3594 timore
1111 3541 1182 3592 ab
1235 3557 1298 3592 ea
1345 3540 1671 3611 paciscenda
1718 3541 2065 3600 abhorrebat.
2135 3544 2238 3595 Eas
2276 3543 2489 3594 litteras

315 3614 419 3681 qui
453 3611 736 3674 ferebant,
773 3612 1048 3681 principio
1105 3614 1258 3665 iuxta
1293 3612 1637 3681 patriarchae
1691 3612 1950 3666 thronum
2017 3620 2112 3664 aut
2159 3612 2339 3674 alibi,
2388 3614 2487 3665 ubi

310 3682 545 3735 minime
597 3682 770 3734 latere
818 3692 1108 3750 poterant,
1169 3684 1305 3735 clam
1358 3682 1743 3753 proiiciebant.
1829 3683 2001 3752 Quod
2052 3685 2198 3735 enim
2247 3684 2491 3753 praemia

311 3767 508 3823 parum
542 3752 696 3804 mitia
732 3753 1158 3821 exspectabant,
1212 3756 1389 3822 palam
1429 3770 1519 3804 eas
1554 3752 1784 3806 reddere
1819 3769 1932 3806 non
1964 3755 2258 3806 audebant.
2337 3754 2491 3805 Sem-

310 3839 447 3893 per,
482 3824 706 3893 inquam
734 3861 749 3885 ,
787 3824 886 3875 ille
922 3824 992 3875 ad
1047 3824 1409 3894 patriarcham
1446 3824 1689 3878 scribens
1726 3840 1914 3892 pacem
1947 3824 2212 3893 petebat,
2255 3827 2358 3876 etsi
2393 3825 2489 3877 ille

312 3900 507 3946 contra
552 3902 822 3963 perpetuo
872 3894 1079 3948 faceret
1146 3895 1467 3965 bellumque
1522 3912 1683 3966 quam
1737 3897 1973 3946 maxime
2025 3903 2244 3963 poterat
2297 3910 2490 3947 accen-

308 3964 488 4017 deret.
561 3967 806 4017 Batatzes
846 3965 1044 4034 igitur,
1082 3981 1201 4016 cum
1241 3966 1310 4016 ad
1345 3982 1469 4035 spes
1504 3966 1581 4016 ita
1622 3966 1871 4035 ingentes
1921 3968 2242 4025 exarsisset,
2288 3968 2489 4018 iterum

309 4051 443 4086 cum
478 4033 809 4103 imperatore
857 4038 1019 4087 armis
1073 4035 1403 4088 contendere
1455 4036 1781 4096 instituens,
1818 4052 1849 4086 a
1894 4042 2106 4103 satrapa
2145 4036 2350 4103 Lydiae
2387 4054 2489 4087 au·

307 4105 511 4158 xilium
548 4104 788 4173 petebat.
880 4107 1179 4174 Imperator
1214 4109 1475 4176 quoniam
1514 4105 1651 4176 quid
1693 4108 1919 4157 cuderet
1973 4107 2252 4168 Batatzes,
2297 4107 2487 4159 multis

308 4175 730 4237 nuntiantibus,
766 4191 877 4228 non
917 4177 1241 4243 ignorabat,
1276 4193 1374 4245 per
1416 4176 1766 4228 Calothetum
1818 4176 2258 4245 protosebaatum
2307 4180 2488 4246 ingra-

308 4253 432 4297 tum
500 4249 737 4297 animum
799 4256 854 4299 et
900 4248 1267 4303 defectionem
1324 4247 1376 4299 ei
1431 4248 1727 4314 exprobrat
1781 4242 1838 4298 et
1888 4262 1918 4295 a
1966 4246 2168 4300 scelere
2207 4247 2485 4323 deterrere

305 4316 540 4391 nititur,
576 4315 834 4380 hortans,
881 4327 944 4372 ut
980 4334 1119 4391 quae
1156 4319 1271 4371 sibi
1310 4320 1570 4382 iurasset,
1606 4335 1670 4373 ea
1713 4325 1949 4372 servaret
2018 4317 2196 4373 etad
2232 4336 2288 4373 sc
2325 4322 2482 4372 veni-
